4234 6017
2005 437 2357 508 ..48-ι

2230 631 2282 685 οἳ
2321 632 2368 685 δ’
2410 633 2573 685 ἔνδον
2611 632 2935 698 ἑκρύβοντο,
2976 635 3079 698 μῦς
3100 625 3148 687 δ’
3175 627 3476 703 ἀρουρίτης

2234 727 2500 788 ,τοιαῦτα
2538 720 2811 775 δειπνῶν“
2853 722 2978 775 εἶπε
3020 728 3206 790 ,χαῖρε
3245 725 3336 775 καί
3372 726 3619 793 πλούτει,

2231 812 2320 862 καί
2357 816 2475 874 τοῖς
2510 815 2797 877 περισσοῖς
2836 811 3010 874 αὐτὸς
3046 812 3305 879 ὲντρύφα
3343 812 3603 881 δείπνοις,

2229 899 2377 963 ἔχων
2413 900 2486 952 τὰ
2522 899 2703 952 πολλὰ
2737 903 2919 952 ταῦτα
2958 900 3137 965 μεστὰ
3175 901 3468 956 κινδύνων.

2229 987 2343 1052 ἐγώ
2382 988 2444 1041 δὲ
2483 991 2636 1054 λιτῆς
2673 988 2779 1040 οὐκ
2818 986 3091 1055 ἀφέξομαι
3130 991 3338 1058 βώλου,

2229 1075 2326 1143 ὑφ’
2364 1076 2437 1141 ἣν
2475 1077 2546 1129 τὰ
2584 1075 2783 1143 κρίμνα
2823 1077 2897 1142 μὴ
2941 1078 3295 1144 φοβούμενος
3329 1078 3585 1146 τρώγω.“

683 631 750 685 τὸ
789 631 954 699 κέρας
993 631 1237 686 κατοικῶ
1274 628 1416 699 πρὸς
1454 629 1517 685 σὲ
1554 633 1657 699 τῆς
1695 630 2037 699 Ἀμαλθείης.

683 722 732 774 εἴ
772 737 862 786 μοι
901 722 1207 788 συνέλθοις,
1248 722 1327 784 ὡς
1364 722 1542 785 θέλεις
1579 720 1897 789 ἀσωτεύσῃ,

681 812 876 877 παρεὶς
912 810 1173 877 ὀρύσσειν
1210 810 1486 876 ἀσφάλαξι
1520 810 1629 874 τὴν
1668 808 1909 876 χώρην.“

681 899 865 965 ἀπῆγε
900 900 1006 952 τὸν
1043 904 1150 964 μῦν
1185 901 1287 953 τὸν
1323 899 1606 967 γεηπόνον
1645 898 1841 961 πείσας

680 988 759 1053 εἰς
796 990 948 1042 εἶκον
988 988 1169 1043 ἐλθεῖν
1206 989 1383 1042 ὑπότε
1419 994 1611 1054 τοῖχον
1650 988 1974 1054 ἀνθρώπου.

681 1078 849 1131 ἔδειξε
888 1076 938 1130 δ’
977 1077 1153 1145 αὐτῷ,
1188 1082 1298 1130 ποῦ
1339 1078 1439 1143 μέν
1476 1076 1731 1145 ἀλφίτων
1768 1077 1973 1144 πλήθη,

1086 1362 1190 1428 De
1238 1380 1436 1429 mure
1484 1361 1758 1447 leonem
1811 1379 1848 1428 e
1896 1378 2145 1429 somno
2198 1362 2568 1428 excitante
2618 1362 2712 1442 (cf
2756 1383 2936 1449 pagg
2987 1363 3308 1446 15—18)·

1945 1487 2206 1545 Ps-Dos
2246 1487 2395 1561 2(2)

679 1602 803 1668 Μῦς
814 1605 1006 1657 ἐπάνω
1023 1605 1250 1667 λέοντος
1270 1603 1622 1669 κοιμωμένου
1644 1602 1898 1671 ἑφήλατο
1914 1604 2115 1656 καὶτὸν

677 1695 856 1747 ὕπνον
896 1694 1071 1747 αὐτοῦ
1112 1693 1420 1759 ἐξύπνικεν,
1455 1692 1522 1744 ὃν
1546 1693 1578 1745 ὁ
1604 1693 1750 1745 λέων
1777 1693 2115 1758 δραξάμενος

678 1782 925 1850 ἀναιρεῖν
962 1783 1244 1847 ἐβούλετο.
1282 1781 1495 1845 ἐκεῖνος
1532 1782 1594 1834 δέ
1621 1782 1963 1847 συγγνώμην
1981 1780 2116 1850 ᾐτή-

677 1886 817 1925 σατο
856 1873 999 1938 ὑπὲρ
1051 1876 1154 1925 τοῦ
1193 1874 1295 1937 ζῆν
1332 1873 1422 1924 καὶ
1461 1871 1565 1924 οὐκ
1603 1870 1883 1923 ἐλάσσονα
1918 1870 2115 1936 χάριτα

677 1961 1070 2027 ἐπηγγέλλετο.
1139 1961 1170 2012 ὁ
1208 1961 1270 2014 δέ
1319 1961 1468 2013 λέων
1502 1963 1687 2024 γελῶν
1726 1961 1816 2012 καὶ
1851 1959 2113 2024 στοχαζό-

676 2066 841 2116 μενος
865 2089 878 2103 .
906 2089 919 2103 .
947 2088 958 2102 .
994 2050 1177 2102 λέοντι
1214 2049 1443 2115 χάριτας
1478 2049 1902 2102 ἀνταποδώσειν
1942 2049 2107 2115 ἐπηγ-

673 2137 915 2206 γείλατο,
972 2138 1249 2192 ἀπέλυσεν
1297 2137 1490 2191 αὐτόν.
1565 2139 1682 2203 μετ’
1723 2138 1791 2192 οὐ
1848 2139 1993 2191 πολὺ
2053 2138 2114 2190 δέ

675 2229 846 2292 αὐτὸς
906 2229 937 2280 ὁ
1000 2228 1144 2281 λέων
1205 2227 1317 2280 ὑπὸ
1392 2232 1655 2293 κυνηγῶν
1729 2230 1961 2294 ληφθείς
2024 2229 2114 2280 καὶ

673 2317 752 2382 εἰς
791 2317 967 2382 δεσμὰ
1005 2317 1222 2382 βληθείς
1259 2316 1455 2369 ἐκεῖτο.
1493 2317 1626 2369 τότε
1653 2317 1684 2369 ὁ
1712 2321 1814 2382 μῦς
1852 2318 2113 2382 μνησθεὶς

2226 1602 2371 1657 Mus
2408 1616 2595 1671 super
2632 1602 2858 1656 leonem
2897 1599 3295 1659 dormientem
3333 1601 3578 1658 insiluit
3616 1608 3670 1659 et

2224 1707 2507 1748 somnum
2530 1689 2661 1746 eius
2681 1690 2987 1759 excitavit,
3027 1707 3204 1761 quem
3231 1694 3319 1747 leo
3346 1694 3669 1763 ampleaeus

2224 1779 2558 1851 interficere
2596 1780 2845 1835 volebat.
2885 1778 2989 1834 ille
3028 1784 3229 1836 autem
3254 1780 3496 1837 veniam
3512 1781 3670 1853 petit

2223 1887 2339 1939 pro
2376 1868 2506 1923 vita
2543 1871 2598 1923 et
2632 1884 2756 1924 non
2795 1867 3095 1925 minorem
3150 1873 3424 1941 qratiam
3461 1887 3666 1940 repro-

2187 1958 2515 2014 5mittebat.
2591 1960 2645 2012 et
2681 1959 2771 2014 leo
2803 1957 3017 2013 ridens
3054 1961 3109 2014 et
3145 1957 3510 2015 eoeistimans
3547 2002 3562 2016 .
3603 2001 3615 2015 .
3654 2002 3667 2016 .

2224 2046 2383 2102 leoni
2420 2044 2691 2118 qratiam
2730 2046 3045 2102 restituere
3076 2047 3390 2117 promisit,
3430 2047 3670 2104 dimisit

2225 2151 2377 2192 eum.
2442 2139 2547 2192 sed
2585 2137 2778 2191 multo
2809 2139 2955 2206 post
2994 2135 3129 2205 ipse
3168 2137 3256 2191 leo
3296 2154 3334 2191 a
3370 2139 3667 2193 venatori-

2225 2228 2338 2281 bus
2376 2229 2593 2302 captus
2632 2229 2687 2280 et
2723 2224 2792 2279 in
2830 2223 3097 2280 vinculis
3135 2223 3364 2281 missus
3419 2224 3666 2281 iacebat.

2224 2318 2367 2369 tunc
2385 2330 2524 2370 mus
2554 2314 2847 2383 (memor)
2875 2313 3193 2369 restituere
3214 2314 3374 2370 leoni
3391 2314 3667 2387 qratiam

672 2406 1089 2460 ἀνταποδοῦναι
1126 2410 1208 2473 τῷ
1245 2405 1432 2459 λέοντι
1466 2406 1575 2470 τὴν
1612 2405 1772 2472 χάριν
1833 2405 2110 2472 ἠθέλησεν
2151 2420 2200 2459 10
2215 2403 2406 2459 voluit
2443 2406 2498 2458 et
2519 2419 2633 2473 per
2656 2405 2889 2458 noctem
2915 2404 3148 2458 rodens
3171 2404 3359 2473 funes
3385 2403 3664 2459 liberavit

673 2497 763 2548 καί
790 2496 879 2548 διὰ
904 2495 1109 2559 νυκτὸς
1133 2496 1372 2560 τρώγων
1392 2495 1463 2547 τὰ
1484 2494 1699 2559 σχοινία
1727 2494 2112 2561 ἠλευθέρωσεν
2224 2495 2465 2547 leonem.
2540 2490 2627 2547 sic
2664 2491 3007 2562 desperatis
3044 2491 3424 2547 adiutorium
3462 2496 3538 2549 ab
3578 2493 3668 2547 in·

668 2586 772 2638 τὸν
791 2585 1008 2638 λέοντα.
1037 2583 1286 2653 <οὕτως>
1309 2584 1366 2638 ἐξ
1391 2584 1725 2639 ἀνελπίστου
1756 2585 1984 2648 βοήθεια
2005 2584 2115 2636 ἀπὸ
2222 2580 2559 2652 ferioribus
2591 2583 2660 2652 fit
2697 2580 3056 2637 maioribus.

670 2674 934 2738 ἡττόνων
969 2672 1181 2738 γίνεται
1220 2671 1480 2739 μείζοσιν.

673 2762 700 2814 1
726 2777 796 2830 sq
846 2757 935 2815 καὶ
981 2762 1084 2815 τὸν
1121 2762 1302 2815 ὕπνον
1340 2763 1515 2815 αὐτοῦ
1581 2763 1869 2817 ἐξύπνικεν
1926 2764 1982 2815 et
2018 2777 2303 2817 somnum
2359 2759 2490 2814 eius
2545 2757 2834 2815 excitavit
2891 2776 2988 2816 om
3025 2761 3073 2815 P
3108 2761 3130 2829 ΙΙ
3174 2762 3297 2831 2sq
3333 2756 3429 2816 leo
3471 2764 3664 2818 iratus

670 2851 1013 2905 interficere
1047 2851 1195 2905 λέων
1233 2851 1590 2917 ὀργιζόμενος
1627 2852 1876 2918 ἀναιρεῖν
1913 2851 1960 2904 Ρ
2003 2849 2028 2919 ΙΙ
2070 2851 2104 2905 5
2143 2851 2364 2905 lacuna
2403 2852 2464 2904 in
2491 2850 2541 2903 L
2581 2852 2748 2920 quod
2803 2847 2891 2905 sic
2926 2849 3218 2920 exiguum
3262 2849 3498 2905 animal
3545 2854 3663 2905 ἐπεὶ

668 2940 868 3004 οὕτως.
891 2941 1183 3020 ἐλάχιστον
1219 2944 1372 2996 Ζῶον
1407 2940 1455 2993 Ρ
1498 2941 1522 3009 ΙΙ
1565 2941 1598 2994 9
1623 2942 1753 2996 tum
1777 2956 1916 2995 mus
1940 2956 2170 2995 memor
2195 2941 2569 3007 ἀναμνησθείς
2596 2940 2660 2993 Ρ.

1009 3164 1284 3249 Phaedr
1309 3190 1378 3214 =
1403 3165 1619 3223 Adem
1657 3163 1735 3222 18

669 3273 1004 3329 dormiente
1059 3276 1223 3331 leone
1280 3274 1348 3329 in
1403 3274 1559 3330 silva
1615 3290 1820 3331 mures
1864 3271 2107 3345 ayrarii

667 3364 940 3418 ludentes
993 3379 1157 3418 unus
1196 3380 1271 3419 eoe
1316 3363 1403 3420 eis
1457 3379 1645 3434 super
1700 3365 1928 3419 leonem
1983 3379 2104 3417 non

667 3453 972 3508 voluntate
1011 3451 1278 3522 transiit.
1351 3456 1737 3523 eoeperrectus
1789 3456 1876 3509 leo
1932 3452 2108 3509 celeri

665 3557 858 3596 manu
894 3540 1187 3611 miserum
1224 3559 1458 3598 murem
1505 3542 1928 3613 apprehendit.
2003 3542 2104 3598 ille

664 3632 922 3700 royabat
958 3629 1199 3685 veniam
1225 3631 1344 3688 sibi
1370 3632 1533 3701 dari,
1572 3632 1722 3703 quia
1745 3650 1871 3688 non
1897 3635 2104 3689 volun·

667 3724 787 3776 tate
830 3722 1077 3791 fecerat.
1152 3724 1240 3777 leo
1297 3721 1617 3792 cogitabat,
1675 3721 1732 3777 si
1793 3721 2103 3790 occideret,

666 3808 896 3865 crimen
955 3813 1107 3865 esset
1169 3814 1223 3865 et
1286 3828 1410 3866 non
1471 3810 1690 3881 moria,
1754 3810 1990 3881 iynovit
2052 3814 2105 3865 et

666 3896 919 3953 dimisit.
990 3901 1133 3968 post
1163 3915 1401 3970 paucos
1454 3898 1587 3955 dies
1632 3901 1721 3955 leo
1759 3899 1826 3954 in
1865 3900 2105 3969 foveam

665 3986 896 4054 cecidit,
972 3990 1188 4058 captus
1261 3988 1505 4059 muqire
1567 3977 1773 4058 coepit.
1837 4004 1976 4044 mus
2036 3992 2106 4043 ut

664 4076 920 4145 audivit,
977 4076 1265 4133 cucurrit.
1342 4077 1449 4134 ubi
1508 4081 1754 4147 captum
1810 4078 2105 4150 coynmnlt,

664 4164 780 4220 ait:
819 4181 943 4220 non
981 4182 1120 4220 sum
1157 4166 1473 4222 immemor
1511 4166 1778 4238 beneficii
1815 4166 1923 4222 tui.
1963 4170 2106 4223 tunc

661 4252 834 4309 illius
896 4255 1203 4326 ligaturas
1267 4259 1536 4312 lustrare
1598 4256 1810 4327 coepit,
1885 4272 2103 4313 nervos

662 4359 866 4399 secare
904 4349 958 4399 et
995 4348 1211 4400 laoeare
1248 4345 1421 4400 illius
1459 4345 1617 4401 artis
1671 4345 1941 4417 ingenia.
2016 4346 2107 4402 sic

660 4449 798 4488 mus
836 4435 1061 4489 leonem
1110 4437 1354 4504 captum
1394 4433 1652 4490 liberum
1708 4434 1883 4491 silvis
1937 4434 2107 4489 restia

661 4521 794 4575 tuit.
861 4554 923 4562 —
964 4540 1039 4577 ne
1096 4523 1237 4594 quis
1297 4523 1586 4578 minimos
1642 4526 1878 4578 laedere
1933 4540 2105 4593 prae-

661 4615 882 4666 sumat.

2651 3162 2821 3219 Rom
2858 3163 3042 3221 Burn
3081 3164 3110 3220 Ι
3136 3163 3212 3222 1¹7

2217 3272 2570 3328 Dormiente
2596 3274 2761 3327 leone
2798 3270 2865 3326 in
2935 3273 3091 3327 silva
3151 3290 3356 3329 mures
3419 3273 3663 3344 ayrarii

2217 3361 2607 3418 luxuriantes
2661 3378 2824 3417 unus
2878 3378 2954 3417 eoe
3008 3362 3134 3417 illis
3190 3378 3376 3432 super
3432 3365 3660 3418 leonem

2218 3468 2341 3507 non
2413 3450 2758 3507 voluntarie
2838 3450 3107 3506 transiit.
3193 3454 3660 3523 eoeperyefactus

2219 3542 2306 3597 leo
2367 3540 2546 3596 celeri
2600 3557 2791 3596 manu
2851 3540 3143 3596 miserum
3205 3558 3440 3597 murem
3505 3540 3661 3596 arri-

2205 3629 2367 3699 puit.
2464 3632 2721 3700 roqabat
2798 3629 2900 3685 ille
2980 3628 3219 3685 veniam
3305 3629 3426 3686 sibi
3496 3630 3660 3699 dari,

2215 3719 2364 3789 quia
2441 3736 2562 3775 non
2642 3721 2947 3775 voluntate
3026 3721 3270 3790 fecerat.
3364 3718 3660 3776 reddidit-

2215 3825 2330 3879 que
2403 3823 2655 3864 causam
2712 3808 2950 3879 peccati
3019 3808 3137 3874 sui,
3212 3810 3378 3879 quod
3447 3810 3659 3878 plures

2216 3897 2692 3952 luoeuriarentur
2729 3900 2782 3953 et
2821 3900 2986 3969 quod
3022 3899 3186 3953 solus
3235 3897 3396 3952 inter
3434 3899 3659 3952 ceteros

2213 3986 2566 4057 peccaverit,
2628 3990 2894 4057 supplex
2928 3989 3180 4058 fatetur.
3256 3988 3344 4041 leo
3382 4003 3520 4041 vero
3581 3988 3655 4041 de

2215 4092 2388 4131 mure
2424 4075 2729 4148 coqitabat
2765 4075 2835 4131 in
2861 4075 2975 4131 tali
3000 4092 3084 4143 re,
3121 4074 3326 4147 qualis
3363 4075 3658 4131 subicere-

2216 4170 2319 4221 tur
2356 4163 2677 4221 vindictae.
2733 4164 2790 4220 si
2827 4164 2989 4220 enim
3027 4163 3321 4221 occideret
3358 4163 3656 4220 miserum

2214 4270 2468 4323 murem,
2496 4253 2726 4310 crimen
2752 4253 2847 4309 illi
2873 4256 3019 4323 erat,
3059 4270 3182 4310 non
3209 4253 3425 4325 aliqua
3459 4254 3658 4324 qloria

2217 4342 2443 4399 laudis.
2514 4360 2725 4399 verum
2781 4342 3016 4414 iynovit
3077 4346 3130 4397 et
3186 4341 3440 4400 dimisit.
3506 4346 3653 4413 post

2207 4449 2445 4504 paucos
2483 4436 2684 4488 autem
2742 4432 2873 4489 dies
2910 4435 2998 4489 leo
3036 4432 3104 4488 in
3139 4433 3385 4502 foveam
3422 4432 3657 4488 cecidit.

2217 4526 2467 4592 captum
2492 4538 2555 4578 se
2581 4525 2648 4576 ut
2677 4522 2941 4594 aynwit,
2981 4521 3261 4578 maxima
3286 4538 3424 4577 voce
3443 4521 3656 4594 ruqire

2216 4610 2411 4680 coepit
2450 4615 2504 4666 et
2541 4628 2769 4682 mayno
2809 4612 3010 4668 dolori
3049 4613 3158 4666 dat
3208 4628 3441 4668 sonum.
3516 4628 3655 4666 mus

2211 4716 2351 4754 vero
2389 4703 2458 4754 ut
2494 4699 2764 4770 aqnovit,
2829 4704 2911 4755 ad
2970 4716 3106 4756 eum
3145 4701 3434 4771 cucurrit,
3501 4700 3656 4772 quid

2208 4789 2320 4845 tali
2359 4789 2518 4845 leoni
2544 4788 2865 4846 accidisset
2888 4793 2979 4845 vel
3007 4790 3163 4861 quid
3187 4790 3340 4846 mali
3362 4791 3652 4847 evenisset

2211 4877 2529 4950 quaesivit.
2606 4882 2670 4934 at
2722 4879 2830 4935 ubi
2892 4883 3141 4949 captum
3182 4880 3476 4951 coynovit,
3534 4896 3655 4935 non

2211 4971 2299 5021 est
2377 4966 2582 5037 inquit
2664 4968 2792 5024 iam
2866 4971 3030 5039 quod
3104 4968 3338 5024 timeas.
3435 4985 3656 5038 parem

2209 5056 2480 5128 qratiam
2518 5057 2631 5113 tibi
2671 5059 2929 5114 reddam
2966 5075 3091 5114 non
3133 5058 3453 5114 immemor
3490 5060 3654 5112 bene·

2206 5146 2350 5216 ficii.
2427 5146 2593 5203 dixit
2650 5151 2704 5201 et
2761 5164 2967 5202 omnes
3005 5151 3256 5203 artuum
3292 5145 3468 5201 illius
3503 5147 3652 5216 liqa·

2211 5238 2387 5292 tura-s
2426 5238 2693 5292 lustrare
2743 5237 2954 5306 eoepit.
3030 5237 3308 5309 cognovit
3365 5238 3497 5291 loca
3559 5253 3654 5291 ro·
