4234 6017
1884 475 2097 530 -.-.24
2171 506 2230 515 —

573 661 658 725 Ps
688 658 1123 724 Dositbeanae
1170 657 1372 723 multo
1420 656 1866 744 praeferenda.
1968 679 2113 723 nam
2182 656 2305 722 bac
2364 654 2621 739 quidem
2669 655 2918 722 ratione
2961 654 3205 720 fabella
3251 675 3378 720 non
3425 653 3553 720 iam

572 766 636 830 in
708 764 868 831 duas
937 771 1156 850 partes
1226 785 1481 849 prorsus
1544 766 1667 831 sibi
1726 764 2082 830 contrarias
2131 763 2526 829 distrahitur.
2597 762 2870 848 primum
2918 761 3081 827 enim
3132 760 3233 826 leo
3284 760 3555 827 bominis

574 878 1017 956 argumentum
1045 871 1257 936 verbis
1284 872 1546 953 refutat,
1595 871 1831 938 deinde
1857 878 2067 937 autem
2104 871 2285 953 quasi
2319 870 2593 956 positiva
2626 869 2873 935 ratione
2915 889 3066 934 vero
3100 866 3552 952 amphitheatri

576 979 939 1046 testimonio
987 978 1383 1045 demonstrat
1428 977 1718 1044 homines
1763 1000 1804 1043 a
1842 977 2133 1044 leonibus
2178 976 2486 1062 superari.

787 1087 1184 1170 Quamquam
1231 1085 1394 1151 haec
1440 1106 1565 1150 non
1612 1106 1870 1171 prorsus
1917 1084 2243 1154 reicienda
2288 1090 2453 1166 sunt,
2503 1090 2714 1149 tamen
2763 1081 2937 1164 inde,
2986 1081 3158 1165 quod
3204 1082 3554 1148 Romuleae

575 1193 856 1259 fabellae
902 1202 1125 1259 auctor
1171 1194 1427 1259 omnino
1477 1192 1642 1258 hanc
1688 1193 1956 1258 alteram
2006 1199 2253 1278 partem
2303 1190 2568 1276 recepit,
2639 1197 2913 1276 apparet
2979 1210 3061 1255 ne
3107 1210 3251 1255 eum
3296 1187 3553 1273 quidem

576 1300 856 1365 fabellae
901 1301 1223 1385 proprium
1274 1317 1526 1365 sensum
1574 1301 1996 1384 perspexisse.
2046 1299 2182 1364 vult
2229 1297 2397 1363 enim
2432 1298 2671 1365 fabella
2716 1317 2834 1363 nos
2879 1317 3003 1363 non
3053 1295 3307 1379 docere,
3346 1302 3554 1361 utrum

576 1406 732 1472 artis
765 1427 847 1470 an
879 1412 1147 1471 naturae
1179 1406 1541 1472 testimonia
1589 1406 1732 1491 plus
1778 1405 1860 1471 ad
1910 1426 2041 1472 rem
2091 1403 2651 1472 demonstrandam
2699 1404 2974 1481 valeant,
3021 1402 3136 1469 sed
3184 1401 3458 1468 hominis
3490 1409 3555 1468 et

573 1512 778 1577 leonis
806 1513 1117 1598 ‚exemplo
1165 1512 1460 1590 illustrat,
1534 1512 1851 1595 quomodo
1899 1511 2164 1593 iudicia,
2224 1531 2389 1596 quae
2436 1512 2500 1576 in
2546 1510 2722 1577 nulla
2766 1511 2894 1577 alia
2940 1530 3010 1576 re
3058 1510 3180 1575 nisi
3227 1509 3290 1575 in
3338 1509 3550 1575 animo

578 1618 916 1685 ambitioso
954 1619 1259 1701 nitantur,
1310 1619 1548 1705 optime
1581 1619 1955 1684 refellantur
2003 1619 2099 1698 (cf
2133 1616 2481 1703 Aphthonii
2532 1616 3097 1684 affabulationem:
3144 1616 3182 1681 ὁ
3213 1620 3350 1696 τοῖς
3382 1616 3555 1695 ἴσοις

576 1727 837 1804 δικαίως
885 1726 1215 1806 χρώμενος
1264 1725 1381 1790 οὐκ
1426 1724 1742 1805 ἀπορήσει
1788 1730 1903 1805 τῆς
1949 1727 2179 1804 νίκης).

793 1833 928 1896 Iam
976 1852 1171 1916 supra
1218 1833 1853 1906 commemoravimus
1885 1831 2187 1900 Rothium
2236 1832 2427 1897 etiam
2479 1830 2645 1896 hanc
2693 1830 2994 1897 fabellam
3043 1829 3109 1896 in
3142 1830 3304 1896 serie
3338 1848 3555 1895 earum

578 1937 900 2013 habuisse,
950 1958 1116 2020 quae
1148 1960 1188 2004 a
1221 1937 1493 2008 Romulo
1528 1957 1563 2003 e
1600 1938 2020 2004 Ps·Dositheo
2054 1939 2439 2004 verbotenus
2472 1936 2849 2022 desumptae
2875 1939 3176 2017 essent1).
3227 1936 3349 2002 hoc
3383 1936 3552 2001 enim

576 2044 727 2110 inde
774 2045 1042 2126 elucere,
1115 2044 1283 2128 quod
1335 2045 1442 2109 ille
1495 2045 1900 2110 Ps·Dosithei
1947 2044 2505 2127 introductionem,
2578 2065 2766 2127 quam
2815 2043 3048 2110 duritie
3096 2043 3374 2126 quadam
3431 2063 3556 2107 non

579 2163 800 2217 carere
832 2149 958 2216 iam
991 2171 1186 2236 supra
1233 2150 1531 2233 vidimus,
1580 2171 1702 2217 nec
1748 2172 1872 2217 non
1907 2151 2147 2217 exitum
2181 2151 2522 2217 manifesto
2553 2150 2727 2216 haud
2760 2151 2897 2217 sine
2930 2151 3145 2233 aliquo
3193 2148 3553 2233 corrigendi

577 2258 841 2326 consilio
875 2260 1213 2325 omisisset.
1289 2279 1464 2341 sane,
1515 2258 1636 2324 hoc
1668 2258 1914 2341 aliquid
1947 2268 2045 2323 est
2076 2295 2185 2339 -,
2233 2257 2347 2324 sed
2380 2277 2613 2323 novum
2651 2265 3094 2340 argumentum
3131 2256 3370 2323 addere
3404 2256 3556 2321 mihi

578 2364 790 2430 liceat.
884 2364 1345 2432 Ps·Dositheus
1391 2366 1442 2429 si
1492 2364 1748 2430 Romuli
1795 2366 2063 2430 similem
2112 2364 2530 2431 variationem
2587 2370 2738 2429 ante
2785 2364 3003 2430 oculos
3051 2364 3398 2444 habuisset,
3447 2364 3557 2428 vix

578 2472 953 2556 intellegere
986 2491 1226 2557 posseS,
1262 2492 1387 2555 qua
1420 2472 1668 2538 ratione
1700 2472 1809 2538 ille
1835 2493 1871 2539 e
1896 2472 2151 2538 Romuli
2184 2473 2659 2537 narratiuncula
2686 2470 2859 2537 haud
2910 2471 3172 2555 illepide
3205 2470 3558 2555 composita

580 2598 757 2644 suam
807 2579 1111 2644 fabellam
1161 2600 1196 2644 e
1243 2579 1490 2645 duabus
1537 2579 1999 2646 variationibus
2046 2580 2215 2645 male
2276 2579 2782 2662 conglutinatam
2838 2579 3121 2645 fecisset.
3214 2583 3282 2643 at
3336 2582 3556 2643 contra

583 2684 997 2751 Ps·Dosithei
1044 2686 1287 2752 fabella
1334 2686 1641 2752 facillime
1697 2686 1930 2769 corrigi
1994 2693 2271 2771 poterat.
2364 2706 2509 2751 nam
2576 2706 2718 2751 eum
2784 2685 2942 2752 illud
3001 2707 3232 2751 verum
3299 2705 3424 2749 non
3488 2688 3559 2748 ut

582 2812 617 2857 e
664 2798 892 2857 natura
962 2812 1171 2857 rerum
1240 2792 1533 2878 petitum,
1602 2791 1720 2858 sed
1765 2799 1836 2859 ut
1884 2792 2137 2858 veritati
2212 2792 2604 2878 respondens
2648 2794 3105 2878 interpretatus
3150 2792 3258 2872 sis,
3330 2811 3411 2855 ex
3463 2791 3560 2856 his

581 2898 830 2963 duabus
876 2899 1168 2984 partibus
1216 2899 1381 2965 alias
1425 2899 1547 2964 sibi
1594 2899 1785 2984 plane
1832 2900 2339 2985 repugnantibus
2384 2901 2601 2967 statim
2648 2919 2837 2965 unam
2875 2900 3179 2966 fabellam
3227 2899 3455 2980 facias,
3490 2904 3561 2963 ut

579 3003 706 3070 iam
753 3011 949 3090 supra
997 3004 1586 3072 demonstravimus

793 3111 979 3189 Quod
1049 3112 1325 3196 denique
1396 3111 1480 3177 ad
1551 3112 1957 3178 Ps·Dosithei
2022 3114 2254 3198 prioris
2317 3114 2520 3198 partis
2581 3112 2892 3196 originem
2957 3113 3210 3195 attinet,
3283 3113 3394 3178 vix
3453 3132 3559 3178 un·

580 3236 772 3300 quam
821 3219 1160 3301 quicquam
1220 3219 1375 3284 certi
1438 3220 1571 3284 erui
1648 3239 1837 3303 posse
1897 3227 2071 3303 puto.
2166 3239 2373 3301 neque
2442 3221 2609 3285 enim
2657 3228 2769 3284 aut
2815 3226 3192 3304 argumento
3240 3241 3281 3285 a
3327 3220 3561 3285 cet-eris

575 3325 796 3390 formis
859 3324 1023 3391 adeo
1089 3324 1316 3392 differt
1364 3332 1472 3391 aut
1523 3346 1665 3391 cum
1715 3326 1849 3392 ulla
1894 3364 1981 3372 —
2028 3326 2301 3392 Romulo
2372 3334 2644 3412 excepto
2692 3364 2779 3374 —-
2826 3347 3117 3392 sermone
3186 3325 3351 3392 adeo
3418 3347 3559 3392 con·

575 3432 768 3514 gruit‚
816 3438 887 3497 ut
934 3431 1281 3514 discernas,
1343 3432 1718 3514 quibuscum
1766 3432 1966 3500 artius
2013 3433 2375 3502 cohaereat.
2472 3434 2746 3499 fortasse
2793 3435 3056 3519 propius
3102 3432 3187 3497 ad
3235 3433 3557 3498 Avianum

576 3537 853 3621 accedit,
903 3538 1084 3605 cuius
1131 3547 1343 3605 tamen
1389 3540 1789 3605 necessitatis
1835 3561 1960 3605 non
2007 3540 2128 3605 nisi
2178 3541 2337 3606 haee
2385 3540 2754 3607 testimonia
2800 3546 3086 3606 exstant:

1138 3842 1426 3910 Ps·Dos
2748 3841 2872 3910 Av

578 3968 963 4034 ostendebat
1012 3989 1167 4052 erqo
1216 3969 1277 4032 ei
1321 3968 1512 4032 homo
1562 3968 2011 4032 testimonium
2121 3988 2161 4031 v
2197 3967 2259 4031 7:
2306 3967 2556 4031 scilicet
2625 3969 2984 4053 affirmans
3050 3969 3323 4051 pictura
3400 3975 3560 4033 teste

578 4074 650 4137 i'n
685 4075 967 4159 pictura
1016 4073 1222 4153 (deest
1269 4074 1334 4138 in
1381 4073 1513 4156 Frg
1561 4075 1638 4152 P)
2297 4076 2658 4157 superbum
2691 4076 2698 4153 Ι
2726 4096 2795 4138 se
2839 4075 2991 4159 fi'erz'

573 4181 635 4244 si
668 4187 890 4245 autem
922 4181 1022 4245 leo
1043 4182 1353 4266 pinyeret
1387 4181 1704 4265 (quodsi);
1755 4180 1821 4245 cf
1852 4180 2014 4245 Rom
2139 4201 2179 4245 v
2218 4180 2326 4244 13:
2352 4201 2388 4244 ο
2409 4181 2470 4244 si
2495 4187 2728 4245 nostra
2756 4201 2997 4246 novum
3033 4189 3303 4266 caperet
3332 4182 3562 4246 soller-

578 4285 783 4351 Adem
2307 4292 2404 4351 tia
2452 4308 2720 4351 sensum

572 4465 575 4468 ,
790 4392 1039 4474 Restat,
1088 4399 1159 4457 ut
1192 4392 1564 4476 Fragmenti
1599 4393 1874 4458 Parisini
1927 4393 2460 4457 affabulationem
2513 4392 2738 4476 paucis
2770 4395 3113 4477 attingam:
3161 4416 3361 4479 saepe
3402 4414 3556 4478 erqo

576 4501 748 4566 artis
794 4502 974 4566 ratio
1023 4502 1241 4566 currit
1288 4502 1362 4565 in
1396 4521 1524 4581 eos,
1587 4502 1710 4565 aliz·
1744 4508 1968 4565 autem
2000 4502 2344 4587 corriyunt
2369 4501 2632 4586 lonqius
2665 4501 2873 4566 lib-ros
2903 4502 3237 4567 intuentes
3269 4508 3555 4565 naturae

573 4609 912 4692 inqenium
1003 4607 1313 4687 πολλάκις
1384 4607 1504 4672 οὖν
1567 4608 1798 4686 τέχνης
1870 4608 2064 4685 λόγος
2112 4608 2319 4686 τρέχει
2367 4607 2459 4687 εἰς
2507 4607 2763 4687 αὐτοὺς,
2832 4608 3018 4673 ἄλλοι
3065 4610 3137 4673 δὲ
3183 4609 3556 4686 διορθοῦσιν

577 4714 976 4793 μακρότορον
1026 4715 1308 4794 βιβλίους
1356 4714 1712 4793 ἐνορῶντες
1760 4714 2027 4794 φύσεως
2075 4713 2372 4794 εὐφυῖαν.

791 4819 976 4898 Quod
1017 4821 1409 4886 Boucherius
1456 4841 1580 4885 non
1634 4820 1816 4885 huius
1864 4820 2378 4885 narratiunculae
2426 4820 2868 4906 epimythium,
2916 4820 3031 4886 scd
3079 4820 3162 4886 de
3192 4819 3464 4886 formica
3495 4827 3562 4885 et

578 4926 808 4992 cicada
871 4928 1153 5012 apologi‚
1225 4927 1331 5011 qui
1396 4928 1461 4992 in
1510 4927 1801 4993 Parisino
1868 4926 2093 4992 codice
2163 4932 2485 5010 sequatur,
2558 4926 2988 5012 promythium
3060 4948 3201 4993 esse
3267 4926 3557 5008 voluit2).

797 5160 844 5224 1)
886 5158 959 5213 Cf
998 5175 1121 5228 pag
1158 5159 1243 5212 20.

786 5249 843 5313 2)
876 5247 1082 5303 Bouch
1121 5263 1292 5319 pagg
1310 5247 1527 5317 521122.
