4234 6017
2170 409 2519 470 7—37—

857 594 1184 679 proprium
1232 612 1434 677 genus
1482 593 1753 674 exsistit,
1802 590 1915 657 sed
1965 591 2127 655 muri
2173 590 2411 656 rustico
2446 589 2886 672 domesticum,
2937 591 3044 672 qui
3093 590 3413 656 hominum
3448 590 3672 656 domos
3709 591 3845 656 sive

860 702 925 766 in
974 701 1236 765 urbibus
1281 701 1418 764 sive
1465 699 1596 763 ruri
1642 698 1903 777 incolat,
1978 698 2216 782 opponi
2285 717 2469 762 nemo
2538 697 2655 761 nisi
2705 718 2745 762 a
2792 702 3021 762 natura
3088 717 3294 762 rerum
3342 697 3534 782 plane
3603 698 3847 763 alienus

861 809 1138 892 ignorat.
1190 805 1442 871 induxit
1476 825 1630 889 ergo
1678 804 2054 871 historiolae
2102 810 2347 887 auctor,
2396 804 2646 870 etiamsi
2692 823 2929 868 murem
2979 803 3284 878 rusticum
3319 823 3460 870 cum
3495 803 3845 870 domestico

856 915 924 980 id
973 920 1072 981 est
1103 934 1305 997 genus
1353 933 1493 978 cum
1542 932 1780 996 genere
1813 912 2486 977 consociare-naturae
2515 930 2723 975 rerum
2770 912 2978 994 magis
3025 911 3342 994 convenit,
3392 917 3602 976 tamen
3650 911 3848 977 muris

861 1021 1212 1097 domestici,
1259 1026 1330 1085 ut
1376 1020 1467 1085 ita
1515 1019 1743 1095 dicam,
1793 1019 2098 1083 urbanam
2146 1018 2428 1102 speciem
2475 1017 2730 1101 generis
2789 1017 2952 1098 locO,
3023 1018 3271 1083 scilicet
3318 1017 3403 1082 ad
3453 1037 3595 1083 enm
3643 1018 3847 1084 solum

858 1130 1077 1208 finem,
1128 1148 1251 1209 quo
1299 1126 1555 1192 facilius
1588 1127 1761 1192 vitae
1794 1126 2079 1190 urbanae
2111 1123 2520 1191 incommoda
2551 1125 2890 1208 Aesopeae
2922 1124 3203 1190 fabellae
3236 1125 3479 1190 ambitu
3529 1125 3846 1190 illustrare
3936 1118 3939 1121 ’

858 1241 1092 1322 posset.
1166 1233 1352 1300 nobis
1400 1253 1574 1316 ergo,
1625 1238 1694 1297 ut
1741 1232 2197 1317 disputationis
2228 1251 2536 1296 summam
2584 1232 2811 1316 paucis
2842 1237 3150 1315 repetam,
3200 1232 3264 1295 in
3297 1232 3546 1316 vulgari
3587 1233 3844 1317 apologi
3938 1246 3941 1249 ’

859 1343 1227 1416 recensione
1285 1360 1388 1406 res
1435 1345 1534 1406 est
1582 1359 1706 1404 non
1756 1359 1900 1404 cum
1948 1339 2121 1404 veris
2171 1338 2587 1404 bestiolarum
2635 1339 2939 1422 personis,
2986 1338 3101 1403 sed
3149 1337 3489 1404 manifesto
3522 1337 3606 1403 ad
3640 1339 3845 1404 diver·
3940 1350 3943 1353 ’

859 1470 1071 1515 sorum
1118 1448 1291 1533 apud
1325 1446 1613 1512 homines
1659 1466 1961 1529 generum
2012 1445 2342 1530 exemplar
2390 1444 2563 1509 fictis
2609 1443 2676 1508 id
2726 1451 2825 1509 est
2872 1465 3013 1509 cum
3061 1444 3369 1510 fabella
3416 1444 3667 1511 docta.

862 1623 867 1628 ,
1069 1555 1257 1635 Quod
1302 1553 1649 1639 praecipue
1698 1572 1779 1617 ex
1829 1551 2080 1617 Horatii
2131 1551 2408 1636 apologo
2458 1558 2750 1637 apparet.
2845 1551 2947 1616 hic
2995 1572 3206 1617 mures
3252 1558 3323 1616 ut
3367 1553 3431 1616 in
3480 1552 3751 1636 parodia
3781 1554 3845 1617 in

863 1666 1222 1729 universum
1255 1681 1375 1725 nec
1408 1661 1584 1726 victu
1614 1679 1735 1725 nec
1765 1660 2046 1724 moribus
2094 1659 2177 1723 ab
2228 1660 2470 1723 urbano
2521 1657 2779 1724 homine
2811 1664 2922 1723 aut
2970 1658 3257 1742 agricola
3304 1658 3569 1724 multum
3616 1658 3850 1725 abhor-
3947 1705 3950 1730 3

861 1773 1084 1847 rent1).
1176 1769 1355 1833 velut
1400 1773 1612 1851 poeta,
1658 1773 1729 1831 ut
1778 1766 1909 1832 alia
1955 1765 2267 1846 omittam,
2318 1765 2486 1856 int-er
2532 1765 2729 1830 muris
2775 1764 2998 1832 rustici
3046 1766 3246 1850 dapis
3293 1767 3577 1831 meliora
3647 1766 3840 1831 etiam
3950 1842 3953 1845 ⁴

865 1878 1032 1941 cicer
1067 1879 1132 1955 (v
1166 1875 1276 1952 84)
1307 1879 1651 1950 enumerat,
1700 1893 1824 1956 quo
1860 1873 2003 1938 cibo
2037 1874 2196 1957 ipse,
2247 1873 2301 1937 si
2329 1873 2616 1956 fumum,
2670 1894 2826 1956 opes
2857 1874 3336 1957 strepitumque
3369 1875 3624 1939 Romae
3656 1873 3845 1957 fugi-t,
3952 1936 3955 1953 ἶ

865 1981 1055 2048 valde
1103 1981 1464 2046 delectatur
1511 1981 1605 2060 (cf
1646 1980 1764 2045 Sat
1800 1980 1918 2062 16,
1965 1981 2089 2043 114
2117 1982 2239 2062 sq).
2334 1980 2487 2045 item
2536 1979 2765 2044 alludit
2829 1979 2911 2044 ad
2962 1978 3284 2044 hominum
3334 1978 3844 2062 consuetudines,

867 2109 1008 2154 cum
1102 2088 1451 2153 musculum
1545 2089 1609 2152 in
1701 2088 1996 2152 convivio
2087 2085 2507 2151 accubantem
2597 2085 2770 2152 haud
2855 2086 3119 2150 inficeto
3210 2086 3456 2151 inducit
3547 2089 3614 2167 (v
3668 2087 3840 2165 115).

862 2194 1154 2278 denique,
1216 2193 1387 2277 quod
1445 2192 1529 2258 ad
1577 2214 1785 2260 mores
1832 2193 2081 2269 attinet,
2129 2212 2268 2257 mus
2314 2192 2608 2274 rusticus,
2657 2198 2742 2280 ut
2774 2192 2994 2257 rustici
3043 2193 3216 2279 apud
3264 2192 3567 2269 homineS,
3615 2213 3847 2277 parcus

862 2310 927 2367 ct
972 2309 1268 2368 attentus
1314 2303 1634 2386 quaesitis
1664 2304 1730 2382 (v
1755 2301 1884 2379 82),
1933 2319 2071 2365 mus
2121 2304 2332 2364 autem
2381 2300 2659 2364 urbanus
2707 2307 2879 2364 certe
2928 2299 3097 2365 haud
3133 2301 3270 2366 sine
3304 2299 3650 2365 cavillandi
3699 2320 3845 2365 con-

863 2410 1008 2474 silio
1054 2428 1134 2473 ne
1182 2409 1443 2493 Epicuri
1493 2407 1747 2490 quidem
1797 2412 2286 2491 praeceptorum
2337 2406 2598 2488 ignarus
2645 2405 2915 2489 fingitur
2964 2409 3030 2486 (v
3062 2407 3371 2487 90—97).
3819 2398 3824 2402 ’

1072 2516 1299 2599 Longe
1372 2522 1583 2580 autem
1656 2515 1850 2580 aliam
1922 2512 2234 2578 rationem
2305 2514 2370 2576 in
2437 2513 2673 2577 Babrio
2744 2513 3119 2581 invenimus.
3215 2514 3320 2596 qui
3393 2513 3695 2579 fabellam
3763 2512 3847 2578 ad

862 2630 1153 2688 naturam
1202 2622 1510 2688 reducere
1558 2620 1795 2688 studet.
1892 2620 2059 2685 hunc
2108 2620 2190 2683 ad
2239 2620 2439 2685 finem
2487 2619 2759 2704 primum
2811 2620 3068 2702 quidem
3115 2642 3232 2706 pro
3279 2621 3440 2686 ficto
3487 2620 3596 2685 illo
3651 2620 3847 2684 muris

866 2729 1093 2794 urbani
1144 2749 1381 2812 genere
1430 2749 1645 2794 verum
1696 2728 1892 2792 muris
1939 2727 2273 2791 domestici
2321 2727 2687 2792 substituit:
2781 2749 2822 2792 v
2861 2729 2889 2790 1
2922 2745 3030 2809 sq:
3079 2733 3258 2806 μυῶν
3307 2728 3344 2791 ὃ
3401 2729 3516 2807 μέν
3563 2748 3658 2805 τις
3709 2727 3847 2807 βίον

865 2835 1034 2914 ἔχων
1080 2834 1453 2913 ἀρουραῖον,
1509 2840 1517 2913 Ι
1570 2836 1607 2898 ὃ
1656 2832 1712 2898 δ’
1761 2834 1833 2898 ἑν
1880 2833 2162 2912 ταμείοις
2209 2833 2581 2897 πλουσίοισι
2629 2833 2950 2912 φωλεύων
2998 2841 3061 2898 et
3107 2856 3150 2898 v
3180 2835 3251 2898 4:
3324 2834 3361 2898 ὁ
3410 2832 3466 2900 δ’
3501 2833 3846 2912 οἰκόσιτος.

867 2950 964 3008 est
1012 2962 1166 3025 ergo
1216 2942 1352 3005 eius
1399 2941 1642 3006 fabella
1689 2939 1770 3004 de
1820 2960 1994 3005 mure
2040 2940 2279 3003 rustico
2328 2946 2393 3003 et
2440 2938 2814 3022 domesticO,
2887 2961 3009 3006 non
3059 2940 3140 3004 de
3186 2942 3423 3007 rustico
3472 2948 3537 3007 et
3582 2942 3846 3006 urbano.

868 3069 1076 3131 neque
1124 3054 1336 3113 tamen
1391 3053 1582 3132 poeta
1629 3047 1695 3111 in
1742 3047 1897 3112 solis
1943 3046 2232 3131 personis
2279 3045 2605 3111 mutandis
2653 3048 2999 3129 acquievit,
3072 3046 3186 3112 sed
3238 3053 3306 3112 ut
3353 3047 3683 3113 historiola
3731 3030 3846 3114 sua

867 3156 1297 3240 simplicitatis
1368 3154 1683 3237 quendam
1735 3154 2010 3219 colorem
2058 3152 2283 3217 humili
2332 3153 2743 3217 bestiolarum
2792 3160 3060 3219 naturae
3106 3155 3313 3237 magis
3360 3157 3844 3221 convenientem

867 3261 1151 3344 duceret,
1200 3262 1396 3327 totius
1444 3261 1801 3344 argumenti
1851 3279 2106 3325 scenam
2159 3279 2264 3324 rus
2312 3260 2655 3324 transtulit.
2751 3279 2868 3325 nec
2917 3262 3082 3325 enim
3130 3280 3369 3325 murem
3426 3262 3845 3327 domesticum

864 3370 929 3433 in
976 3369 1155 3446 urbe,
1204 3367 1318 3433 sed
1364 3368 1482 3432 sub
1531 3366 1859 3450 agricolae
1907 3365 2129 3431 divitis
2178 3372 2348 3431 tecto
2397 3367 2718 3431 viventem
2767 3367 2946 3433 facit.
3041 3372 3212 3451 quod
3263 3379 3436 3439 certe
3493 3375 3766 3455 apparet
3813 3388 3849 3432 e

866 3476 1152 3540 ciborum
1198 3475 1540 3557 generibus
1584 3474 1853 3559 pauperi
1902 3471 2142 3557 hospiti
2190 3494 2230 3537 a
2277 3472 2629 3538 domestico
2678 3493 2855 3539 mure
2889 3479 3223 3561 appositis.
3318 3477 3539 3560 quoin
3587 3495 3848 3540 numero

867 3583 1152 3647 invenies
1197 3581 1376 3661 nihil,
1446 3581 1567 3647 nisi
1617 3579 1788 3664 quod
1838 3581 2000 3663 agri,
2069 3578 2255 3655 horti,
2327 3598 2524 3664 pecus
2582 3581 2837 3645 rusticis
2883 3581 3054 3646 ferre
3124 3585 3372 3650 soleant
3436 3584 3600 3648 sicut
3669 3581 3851 3656 ficoS,

867 3689 1201 3773 palmulaS,
1252 3688 1394 3767 mel,
1446 3689 1793 3773 polentam,
1842 3705 2135 3752 caseum:
2187 3709 2225 3752 v
2266 3687 2556 3752 15—20:
2629 3686 2825 3752 ἔδειξε
2874 3690 2931 3752 δ’
2981 3690 3174 3774 αὐτῷ,
3225 3694 3352 3755 ποῦ
3401 3691 3515 3769 μὲν
3561 3688 3853 3767 ἀλφίτων

869 3796 1105 3876 πλήθη,
1143 3800 1151 3873 Ι
1188 3800 1316 3859 ποῦ
1367 3792 1423 3859 δ’
1474 3795 1767 3875 ὀσπρίων
1814 3796 1896 3874 ἦν
1944 3796 2164 3874 σωρὸς
2212 3796 2249 3873 ἢ
2303 3795 2472 3858 πίθοι
2521 3794 2741 3858 σύκων
2780 3800 2788 3874 Ι
2828 3796 3100 3875 στάμνοι
3148 3818 3217 3862 τε
3263 3798 3520 3877 μέλιτος
3569 3794 3853 3875 σωρακοί

870 3923 937 3966 τε
1003 3903 1338 3982 φοινίκων.
1394 3907 1402 3980 Ι
1456 3903 1493 3966 ὃ
1543 3908 1598 3966 δ’
1667 3903 1758 3980 ως
1826 3902 2104 3981 ἐτέρφθη
2178 3905 2381 3966 πᾶσιν
2448 3903 2550 3965 καὶ
2622 3903 3015 3981 παρωρμήθη
3071 3909 3078 3982 Ι
3131 3906 3234 3968 καὶ
3309 3905 3502 3983 τυρὸν
3570 3902 3724 3981 ἦγεν
3788 3902 3857 3966 ἐκ

868 4010 1176 4074 κανίσκου
1226 4009 1467 4088 σύρων.
1561 4008 1846 4073 indidem
1898 4010 2092 4073 etiam
2164 4009 2325 4073 mira
2397 4007 2507 4071 illa
2556 4007 2927 4074 differentia
2977 4011 3142 4075 inter
3188 4012 3381 4076 muris
3430 4010 3650 4075 divitis
3697 4009 3855 4074 coti-

871 4116 1127 4182 dianam
1200 4136 1413 4181 escam
1485 4114 1658 4200 apud
1706 4116 2011 4180 Babrium
2060 4121 2125 4179 et
2174 4113 2344 4198 apud
2418 4122 2667 4180 ceteros
2736 4116 2799 4180 in
2872 4116 3098 4199 hisque
3167 4117 3456 4202 inprimis
3525 4115 3696 4202 apud
3746 4117 3854 4180 Ps-

873 4223 1248 4289 Dosithenm
1301 4223 1593 4307 profecta
1641 4229 1758 4287 est.
1838 4220 2140 4287 attendas
2189 4221 2387 4285 enim:
2482 4220 2708 4304 isdem,
2775 4223 3003 4304 quibus
3049 4223 3182 4287 illic
3231 4222 3413 4288 dives
3460 4243 3597 4289 mus
3645 4221 3859 4287 dome-

871 4331 1089 4413 sticuS,
1140 4330 1301 4395 cibis
1349 4328 1454 4393 hic
1502 4349 1749 4414 pauper
1806 4328 2116 4393 silvestris
2166 4328 2476 4391 vescitur:
2573 4325 2854 4390 Ps-Dos:
2923 4328 3318 4410 praestabat
3366 4327 3427 4390 ei
3472 4327 3646 4390 vesci
3691 4347 3860 4409 quae

869 4439 941 4502 in
987 4458 1149 4501 rure
1201 4435 1479 4519 (erant)
1526 4438 1694 4521 ficus
1741 4442 1802 4500 et
1848 4456 2016 4499 uvas
2035 4436 2085 4513 2)
2145 4442 2208 4499 et
2257 4442 2477 4499 cetera
2513 4431 2803 4519 poma-⁹²).
2899 4451 3105 4514 neque
3171 4437 3386 4496 tamen
3452 4438 3642 4516 poeta
3711 4431 3859 4495 ideo

873 4541 1335 4624 diversitatem,
1386 4562 1550 4625 quae
1597 4543 1766 4606 inter
1814 4542 2139 4622 utriusque
2187 4539 2481 4605 animalis
2529 4540 2788 4620 victum,
2856 4539 2978 4603 nisi
3040 4539 3208 4603 forte
3256 4538 3452 4603 totius
3499 4538 3859 4621 argumenti

874 4650 1001 4714 vim
1052 4649 1274 4716 tollere
1324 4650 1439 4732 vis,
1500 4648 1902 4714 intercedere
1950 4646 2167 4729 debet,
2236 4646 2480 4712 minuit.
2575 4666 2764 4729 quem
2835 4644 2920 4711 ad
2986 4645 3182 4710 finem
3251 4665 3492 4711 murem
3559 4645 3861 4710 rusticum

1096 4922 1148 4985 1)
1186 4921 1356 4975 Idem
1395 4921 1573 4975 etiam
1615 4918 2019 4989 Kiesslingius
2057 4919 2318 4972 sensisse
2362 4916 2607 4971 videtur
2644 4917 2705 4969 in
2735 4931 2916 4972 versu
2954 4915 3024 4970 90
3059 4915 3340 4969 urbanus
3380 4914 3463 4968 ad
3500 4913 3661 4967 hunc
3699 4910 3863 4964 haud

875 5010 1138 5081 inlepide
1176 5015 1382 5065 nostro
1421 5008 1670 5065 Stadter
1706 5014 1964 5063 vertens.

1098 5099 1154 5167 2)
1193 5098 1270 5154 cf
1303 5113 1491 5167 supra
1536 5113 1661 5168 pag
1700 5097 1783 5152 15.

1094 5189 1151 5257 3)
1189 5187 1263 5243 Cf
1299 5188 1531 5242 Horatii
1573 5204 1612 5241 v
1646 5187 1741 5242 85:
1781 5185 2033 5241 aridum
2069 5187 2125 5240 et
2163 5201 2266 5240 ore
2298 5185 2507 5255 ferens
2544 5181 2795 5239 acinum
2822 5184 2895 5249 (l).
