4234 6017
2189 436 2537 503 *29*

1086 625 1211 717 Hic
1245 639 1460 698 autem
1492 623 1560 697 id
1594 630 1813 714 quaeri
1846 629 2069 714 possit,
2115 648 2265 693 num
2299 626 2711 694 Ps·Dositbei
2758 626 3001 691 ambitu
3049 618 3396 709 originaria
3441 617 3682 691 fabella
3715 614 3855 711 ipsa

872 740 1293 826 contineatur.
1342 737 1513 821 quod
1539 736 1690 803 inihi
1713 735 2077 820 negandum
2104 755 2246 803 esse
2272 733 2547 801 videtur.
2594 756 2741 800 nam
2767 734 3016 820 etiamsi
3042 755 3169 799 vox
3193 729 3499 814 αἰλούροὺ
3525 743 3590 802 et
3614 742 3856 826 cattum

871 847 1249 932 significare
1298 851 1530 931 potest,
1578 845 1729 926 quia
1761 842 1995 909 Graeci
2044 843 2314 926 exiguas
2345 841 2536 907 feras
2569 861 2837 927 rapaces
2885 842 3139 907 omnino
3188 862 3313 907 uon
3361 844 3551 908 certis
3595 844 3856 909 nomini-

874 955 994 1019 bus
1040 953 1540 1037 distinguebant,
1608 950 1724 1018 sed
1785 949 1910 1016 hoc
1957 949 2338 1016 vocabulum
2385 949 2746 1035 promiscue
2794 954 2858 1014 et
2904 948 2988 1015 ad
3018 948 3228 1038 ‘felem
3278 955 3341 1015 et
3389 949 3475 1015 ad
3522 951 3853 1017 mustelam

878 1055 1244 1126 referebant
1263 1063 1332 1142 ¹),
1400 1065 1615 1124 tamen
1676 1057 1969 1141 magistri
2019 1057 2226 1122 versio
2275 1055 2381 1122 bic
2429 1055 2686 1139 quidem
2735 1057 2940 1121 minus
3004 1057 3239 1141 placet.
3335 1056 3662 1143 αἴλουρος,
3689 1058 3856 1123 enim
3956 1136 3959 1139 ῃ

879 1166 987 1232 ille
1034 1167 1098 1231 in
1145 1167 1421 1252 apologo
1467 1164 1700 1230 multas
1759 1162 2067 1248 deinceps
2113 1163 2390 1246 gallinas
2437 1162 2768 1228 interficit.
2849 1162 3020 1247 quod
3052 1184 3178 1228 non
3213 1169 3341 1229 tam
3376 1165 3441 1229 in
3475 1164 3634 1230 catti
3667 1184 3857 1248 quam
3956 1150 3959 1153 ⁴

879 1275 941 1338 in
975 1274 1286 1340 mustelae
1319 1278 1613 1339 naturam
1648 1270 1942 1355 quadrat.
2010 1270 2179 1335 hanc
2227 1270 2394 1335 enim
2444 1269 2780 1335 bestiolam
2830 1290 2956 1335 una
2987 1276 3178 1336 nocte
3209 1270 3531 1355 gallinarii
3566 1274 3859 1355 quamvis

878 1381 1093 1463 magni
1141 1401 1296 1446 aves
1342 1380 1733 1461 interficere,
1783 1397 2049 1460 quarum
2097 1377 2408 1460 sanguine
2455 1395 2525 1442 se
2571 1383 2836 1459 saturet,
2885 1383 3108 1443 notum
3159 1384 3276 1443 est.
3370 1377 3529 1443 satis
3576 1398 3730 1461 ergo
3778 1398 3859 1444 ex

876 1487 976 1552 his
1022 1485 1297 1572 apparet
1345 1487 1713 1571 primariam
1780 1484 2088 1550 fabellam
2154 1483 2330 1568 apud
2390 1483 2676 1552 Graecos
2723 1504 2850 1549 non
2898 1483 2982 1549 de
3029 1490 3224 1567 catto,
3292 1483 3408 1550 sed
3457 1483 3539 1551 de
3587 1486 3860 1550 mustela

877 1614 1033 1661 aves
1079 1593 1164 1659 ad
1212 1614 1437 1660 cenam
1486 1599 1757 1658 vocante
1802 1590 2023 1656 fuisse.

2138 1930 2325 1999 Pars
2372 1931 2599 1999 tertia

2357 2097 2390 2161 Ι

1124 2233 1221 2292 De
1258 2234 1690 2293 Pus-Dosithei
1728 2235 2037 2305 fabellis.
2065 2249 2246 2307 quae
2286 2234 2359 2292 in
2395 2234 2632 2293 Babrii
2671 2232 3223 2307 paraphrasibus
3260 2233 3629 2291 habendae

1974 2324 2381 2382 videantur:
2426 2322 2492 2394 8,
2530 2323 2633 2394 10,
2671 2323 2771 2381 12.

2109 2538 2395 2606 Ps-Dos
2441 2536 2627 2621 800)

1099 2691 1287 2757 (Bock
1327 2690 1388 2757 83
1425 2687 1634 2744 Bouch
1674 2701 1844 2756 pagg
1869 2685 2095 2754 5141153
2135 2683 2289 2738 Gotz
2326 2684 2384 2738 Η
2409 2686 2458 2739 L
2498 2703 2623 2756 pag
2646 2687 2734 2755 43,
2771 2687 2896 2757 Frg
2920 2687 2968 2740 P
2995 2703 3165 2757 pagg
3183 2687 3367 2758 98⁴sq)

1101 2812 1459 2877 Levissima
1505 2810 1570 2874 in
1616 2806 1741 2873 hac
1787 2806 1953 2872 serie
2000 2812 2098 2870 est
2143 2804 2454 2870 mirabilis
2501 2804 2593 2871 de
2642 2808 2963 2871 cornice
3009 2809 3336 2874 sitiente
3386 2808 3752 2875 historiola:

1108 2946 1206 3000 Av
1243 2945 1495 3013 XXVII3
1534 2945 1683 2998 Rom
1722 2944 1912 3010 (Burn
1935 2942 2016 2997 IV
2045 2941 2131 3011 13,
2168 2941 2308 2995 Flor
2345 2941 2537 3011 11133,
2573 2941 2818 2996 Vindob‘
2853 2942 2944 3001 73)
2968 2965 3034 2988 =
3056 2935 3283 2999 Ps-Dos

1103 3079 1586 3176 Quaequidem
1634 3080 1699 3144 in
1745 3079 1981 3145 Babrio
2028 3079 2189 3163 ipso,
2258 3078 2509 3182 qualem
2572 3098 2688 3145 nos
2752 3084 3060 3162 tenemus,
3134 3079 3555 3148 desideratur.
3649 3104 3865 3166 quam-

890 3207 1078 3269 quam
1128 3193 1406 3253 tractata
1452 3192 1550 3253 est
1596 3189 1679 3252 ab
1727 3186 1997 3260 Avian0,
2047 3184 2473 3271 paraphrasta
2521 3184 2658 3251 cius
2705 3185 2925 3251 latino.
3022 3206 3146 3270 quo
3196 3190 3541 3274 praecipue
3573 3189 3868 3256 adhibito

888 3294 1148 3361 Crusius
1196 3295 1390 3359 etiam
1435 3293 1865 3378 magistellum
1913 3292 1999 3358 ad
2049 3292 2354 3359 Babrium
2400 3292 2611 3358 redire
2668 3294 3143 3376 coniectavit2).
3239 3296 3522 3362 concedo
3570 3298 3869 3364 Ps-Dosi·

886 3402 1101 3467 theum
1172 3408 1551 3485 argumento
1621 3401 1836 3487 plane,
1920 3399 2394 3484 quodammodo
2460 3408 2674 3466 autem
2755 3403 2948 3466 etiam
3033 3423 3323 3468 sermone
3391 3403 3478 3469 ad
3549 3405 3866 3472 Aviauum

889 3508 1230 3576 accedere:

1450 3758 1748 3826 Ps-Dos
3086 3757 3215 3828 Av

890 3880 1127 3970 cornia:
1150 3880 1405 3967 'sitiens
2100 3965 2104 3970 ὓ
2255 3939 2262 3948 ,
2438 3898 2478 3944 v
2532 3880 2596 3945 1:
2644 3879 2875 3945 sitiens
2919 3880 3161 3945 cornia>
3201 3905 3208 3911 ·
3605 3945 3610 3950 .

890 3988 1013 4052 sed
1057 3987 1351 4052 remedio
1399 3986 1681 4050 obtinuit
1725 3985 1819 4066 (cf
1864 3983 2056 4066 Rom)
2438 4005 2478 4050 v
2524 3984 2588 4068 5,
2636 3986 2707 4050 6:
2767 3994 3126 4072 postquam
3170 3988 3366 4053 mulla
3418 3989 3601 4054 viam
3654 3992 3875 4071 virtus

2616 4093 2823 4174 dedit,
2871 4095 3178 4160 admovet
3243 4116 3471 4161 omnes
3510 4093 3519 4180 Ι
3562 4143 3577 4159 .
3607 4144 3624 4162 .
3651 4144 3668 4159 .
3698 4119 3875 4164 nova

2617 4200 2989 4265 calliditate
3036 4201 3245 4267 dolos.

894 4306 1095 4392 epim:
1126 4309 1223 4372 sic
1247 4327 1404 4393 erqo
1430 4306 1770 4392 sapientia
1798 4307 2114 4372 virtutem
2133 4305 2330 4393 fallit
2439 4326 2481 4372 v
2527 4306 2599 4372 9:
2647 4307 2904 4372 viribus
2958 4307 3121 4373 haec
3200 4309 3429 4374 docuit
3504 4330 3706 4395 quam
3784 4314 3873 4379 sit

898 4415 992 4495 (cf
1038 4414 1200 4480 Rom
1249 4411 1506 4480 Vindob
1554 4414 1760 4498 prom)
2636 4414 3004 4500 prudentia
3049 4416 3271 4482 maior
3345 4417 3439 4497 (cf
3461 4438 3522 4498 ,v
3545 4418 3589 4482 5
3633 4420 3877 4501 virtus)

1107 4534 1354 4599 Tamen
1402 4533 1470 4599 id
1517 4532 1899 4599 monendum
1948 4538 2066 4616 est,
2116 4532 2285 4617 quod
2333 4533 2457 4600 hoc
2503 4535 2607 4601 vel
2653 4534 2861 4600 simile
2907 4542 3372 4620 argumentum,
3433 4536 3605 4621 quod
3652 4558 3877 4605 revera

894 4661 1019 4706 non
1065 4646 1196 4707 tam
1235 4640 1478 4736 Aesopi
1518 4640 1686 4725 logis
1736 4660 1924 4724 quam
1957 4640 2344 4706 mirabilium
2391 4639 2860 4723 historiolarum
2899 4642 3118 4725 generi
3137 4645 3188 4723 ²⁵)
3236 4643 3710 4712 attribuendum
3757 4653 3877 4729 est,

1110 4882 1162 4946 1)
1201 4879 1272 4936 Cf
1307 4879 1616 4936 Kellerum
1655 4881 1717 4935 in
1753 4878 2080 4935 Annalium
2111 4880 2565 4950 Philologorum
2603 4878 2791 4952 Suppl
2814 4880 2895 4936 IV
2933 4897 3058 4952 pag
3076 4882 3199 4949 339,
3249 4883 3552 4939 Hehnium
3592 4900 3717 4954 pag
3740 4885 3874 4954 458,

897 4968 1520 5024 Christofterssonium
1559 4984 1729 5039 pagg
1767 4968 1948 5039 55s56.

1108 5058 1166 5125 2)
1205 5056 1357 5113 Crus
1394 5060 1455 5112 in
1494 5058 1717 5112 Babrio
1756 5073 1867 5113 suo
1906 5073 2032 5128 pag
2071 5058 2192 5112 181.

1109 5148 1166 5212 3)
1206 5147 1277 5202 Cf
1312 5146 1556 5202 Phaedr
1573 5146 1711 5217 App
1737 5147 1824 5217 20,
1863 5162 2024 5217 quae
2051 5148 2361 5202 historiola
2397 5153 2487 5202 est
2525 5146 2601 5202 de
2637 5151 2764 5203 ursi
2802 5150 2864 5203 in
2904 5151 3139 5204 cancris
3177 5152 3490 5220 capiendis
3527 5151 3792 5206 sollertia
3819 5156 3878 5205 et

895 5235 1032 5307 App
1070 5237 1142 5291 28
1180 5236 1256 5291 de
1294 5237 1452 5291 fibro
1490 5241 1671 5292 testes
1709 5251 1848 5290 suos
1888 5238 2281 5291 venatoribus
2318 5236 2478 5291 ultro
2517 5237 2809 5292 tradente.
