4234 6017
1927 408 2275 463 ...44-

1406 608 2062 689 Variationum
2118 610 2721 709 conspectus
2748 611 2798 689 ¹)

931 782 1038 848 De
1090 800 1302 849 cervo
1350 783 1672 848 umbram
1724 798 1919 846 suam
1970 781 2047 846 in
2094 798 2278 861 aqua
2324 783 2649 850 intuente
2696 783 2790 864 (ef
2826 803 3002 867 pagg
3033 781 3280 863 5-10)

1900 892 2155 949 Ps-nos
2193 894 2316 967 ια)

584 970 612 992 ⁹
647 998 896 1065 Ἔλαφος
934 998 1239 1063 εὐμεγέθης
1282 998 1401 1064 ὥρᾳ
1441 996 1641 1062 θέρους
1698 994 1834 1063 δίψῃ
1899 997 2052 1049 λιπό-

613 1105 778 1152 μενος
845 1086 1210 1153 παραγίνεται
1270 1085 1360 1139 ἐπί
1409 1101 1535 1143 τινα
1608 1085 1797 1150 πηγὴν
1851 1086 2052 1151 διαυγῆ

613 1179 703 1230 καὶ
743 1180 986 1242 βαθεῖαν.
1064 1178 1154 1228 καὶ
1180 1177 1327 1229 πιὼν
1355 1176 1492 1227 ὅσον
1520 1176 1720 1239 ἤθελεν
1757 1180 2055 1240 προσεῖχεν

611 1272 683 1335 τῇ
747 1271 851 1318 τοί)
918 1266 1180 1331 σώματος
1237 1262 1442 1334 (itta).
1516 1266 1606 1316 καὶ
1661 1265 1897 1329 μάλιστα
1955 1266 2054 1328 μὲν

613 1356 805 1419 ἐπῄνει
866 1356 974 1420 τὴν
1037 1354 1209 1421 φύσιν
1283 1358 1400 1406 τῶν
1470 1354 1724 1419 κεράτων
1785 1356 2050 1408 ἀνατετα-

613 1446 798 1510 μένων
833 1460 896 1497 τε
935 1443 1013 1507 εἰς
1049 1445 1230 1496 πολὺν
1267 1442 1404 1509 ἀέρα
1443 1444 1532 1496 καὶ
1571 1444 1648 1508 ὡς
1703 1444 1910 1510 κόσμος
1966 1445 2052 1512 εἴη

612 1536 780 1586 παντὶ
832 1538 915 1600 τῷ
971 1532 1204 1598 σώματι,
1265 1533 1469 1597 ἔψεγεν
1509 1533 1570 1585 δὲ
1607 1535 1713 1599 τὴν
1749 1539 1867 1587 τῶν
1924 1548 2049 1587 σκε-

614 1626 730 1676 λῶν
783 1623 1102 1689 λεπτότητα
1140 1623 1218 1685 ὡς
1269 1623 1375 1687 οὐχ
1424 1622 1627 1675 οἵωντε
1658 1622 1842 1675 ὄντων
1883 1621 2048 1693 «pst-

614 1711 801 1780 ρ<ε>ιν
851 1712 918 1764 τὸ
977 1712 1158 1777 βάρος.
1239 1712 1299 1764 ἐν
1362 1711 1449 1775 οἷς
1509 1712 1570 1765 δὲ
1625 1713 1766 1778 πρὸς
1825 1713 2050 1776 τούτοις

2204 997 2426 1054 Cervus
2465 1001 2654 1054 bonae
2690 996 3145 1069 magnitudinis
3183 997 3410 1057 aestivo
3465 1002 3603 1054 tem·

2162 1105 2309 1158 pore
2365 1088 2472 1144 siti
2528 1086 2808 1159 deficiens
2863 1085 3111 1141 advenit
3157 1088 3241 1141 ad
3296 1090 3601 1157 quendam

2162 1180 2396 1250 fontem
2434 1176 2765 1247 limpidum
2803 1180 2856 1231 et
2895 1179 3102 1232 altum.
3160 1178 3214 1230 et
3252 1193 3390 1231 cum
3425 1177 3601 1232 bibis·

2166 1272 2253 1324 set
2278 1271 2576 1340 quantum
2609 1268 2895 1332 voluerat,
2919 1266 3281 1321 adtendebat
3308 1266 3459 1334 a<d>
3482 1284 3603 1322 cor-

2122 1357 2404 1427 5pori<s>
2465 1355 2797 1428 e<ffiyiem>
2857 1359 2911 1411 et
2970 1354 3238 1411 maxime
3284 1353 3597 1425 quid<em>

2163 1449 2460 1502 laudabat
2532 1437 2826 1502 naturam
2883 1461 3251 1500 cornuorum
3329 1444 3603 1501 excelsis·

2162 1535 2384 1592 simam
2404 1536 2472 1591 in
2495 1538 2682 1591 multo
2722 1552 2857 1590 aere
2895 1538 2949 1590 et
2975 1535 3140 1606 quod
3178 1537 3603 1589 ornamentum

2165 1629 2317 1681 esset
2355 1625 2556 1681 omnis
2588 1624 2882 1695 corporis,
2930 1624 3216 1692 culpabat
3242 1626 3444 1678 autem
3469 1639 3603 1677 cru·

2160 1733 2301 1771 rum
2317 1713 2893 1785 emilitatem,qua<e>
2907 1730 3032 1769 non
3047 1711 3602 1782 <po>sse<n>tferre

616 1803 705 1868 ἣν,
755 1801 934 1867 ύλαχὴ
971 1816 1034 1853 τε
1082 1804 1269 1853 κυνῶν
1307 1800 1598 1866 αἰφνιδίως
1646 1802 1908 1854 ἀκούεται
1965 1804 2054 1855 καὶ
2094 1821 2144 1857 10
2156 1807 2424 1875 pondus.
2499 1807 2607 1860 sed
2661 1820 2797 1860 cum
2853 1802 2923 1857 in
2975 1801 3072 1857 his
3117 1803 3285 1869 esset,
3341 1803 3605 1856 latratus

617 1890 919 1957 κυνηγέται
974 1889 1228 1955 πλησίον.
1287 1891 1319 1943 ὁ
1359 1890 1420 1942 δὲ
1458 1891 1598 1956 πρὸς
1647 1892 1838 1957 φυγὴν
1895 1893 2057 1958 ὥρμα

618 1982 709 2033 καὶ
787 1980 975 2046 μέχρις
1035 1980 1180 2032 ὅπου
1245 1979 1335 2032 διὰ
1390 1978 1600 2032 πεδίων
1652 1982 1893 2035 ἐποιεῖτο
1955 1982 2057 2034 τὸν

620 2071 848 2135 δρόμον,
890 2070 1132 2137 ἐσῴζετο
1171 2069 1283 2121 ὑπὸ
1321 2072 1425 2134 τῆς
1462 2069 1751 2134 ὠκύτητος
1795 2074 1911 2122 τῶν
1937 2084 2057 2124 σκε-

618 2161 751 2227 λῶν,
819 2159 937 2211 ἐπεί
994 2158 1056 2212 δὲ
1103 2157 1189 2220 εἰς
1225 2157 1445 2221 πυκνὴν
1497 2161 1586 2211 καὶ
1635 2161 1860 2213 δασεῖαν
1919 2162 2059 2228 ὕλην

2167 1911 2389 1950 canum
2446 1893 2646 1950 subito
2705 1891 2911 1947 audiit
2948 1896 3004 1946 et
3048 1892 3430 1945 veneratores
3466 1906 3605 1958 pro·

2166 1983 2410 2054 aeim<i>.
2487 1986 2550 2038 at
2605 1982 2705 2038 ille
2760 1979 2829 2036 in
2875 1981 3096 2051 fuyam
3144 1978 3273 2035 ibat
3307 1982 3362 2034 et
3399 1994 3604 2049 quam·
3671 2033 3677 2038 .

2169 2072 2279 2129 diu
2318 2072 2563 2144 quidem
2596 2089 2714 2142 per
2757 2085 3002 2139 campos
3038 2068 3306 2141 faciebat
3356 2084 3606 2123 cursum

2174 2162 2550 2217 liberabatur
2588 2178 2624 2216 a
2662 2159 2969 2216 velocitate
3026 2175 3295 2225 crurum,
3353 2158 3461 2212 sed
3502 2155 3609 2212 ubi

617 2250 816 2301 ἔπεσεν
894 2247 1285 2301 ἑνπλακέντων
1368 2248 1524 2315 αὐτῷ
1606 2253 1724 2300 τῶν
1802 2251 2057 2316 κεράτων
2096 2265 2148 2304 15
2169 2251 2236 2306 in
2275 2250 2544 2320 spissam
2582 2253 2636 2305 et
2691 2251 3061 2305 condensam
3107 2247 3328 2304 silvam
3382 2244 3608 2302 incidit

617 2337 766 2389 ἑάλω
821 2335 985 2405 πείρᾳ
1041 2338 1257 2403 μαθὼν,
1303 2337 1389 2389 ὅτι
1429 2338 1535 2404 ἄρα
1577 2339 1765 2401 ἄδικος
1811 2339 1882 2403 ἣν
1937 2344 2057 2392 τῶν

615 2426 771 2479 ἰδίων
829 2427 1018 2492 κριτὴς
1054 2427 1249 2491 ψέγων
1286 2428 1386 2492 μὲν
1429 2427 1502 2479 τὰ
1545 2428 1806 2495 σῴζοντα
1864 2428 2054 2495 αὐτὸν,

617 2516 861 2569 ἐπαινῶν
900 2516 960 2567 δὲ
1006 2515 1104 2582 ὑφ’
1143 2515 1226 2568 ὧν
1264 2517 1616 2582 προδέδοται.

2167 2338 2451 2411 obliyatis
2496 2339 2551 2393 ei
2604 2338 2998 2409 [implicatus]
3056 2335 3343 2393 cornibus
3388 2339 3606 2404 captus

2167 2432 2254 2484 est
2290 2430 2469 2484 modo
2501 2429 2887 2498 perdiscens,
2928 2428 3095 2500 quod
3132 2426 3408 2481 iniustus
3454 2427 3604 2481 esset

2168 2535 2416 2573 suorum
2474 2516 2665 2574 iudex
2723 2520 2982 2588 culpans
3035 2515 3284 2587 quidem
3356 2514 3607 2584 [vitupe-

2165 2607 2358 2676 rans]‚
2379 2622 2534 2677 quae
2556 2609 2877 2663 salvabant
2898 2623 3051 2677 eum,
3087 2606 3358 2661 laudans
3380 2606 3600 2670 autem,

2164 2712 2202 2749 a
2242 2695 2465 2766 quibus
2504 2697 2787 2766 deceptus
2829 2699 2995 2751 esset.

620 2797 649 2848 1
691 2812 900 2850 cervus
938 2794 1232 2850 immanis
1272 2794 1519 2864 <Frgm>
1560 2795 1745 2865 P<ar>
1797 2798 1855 2850 cs
1910 2796 2061 2852 Orus
2120 2799 2193 2853 de
2233 2799 2394 2852 Babr
2453 2806 2550 2853 aet
2589 2816 2626 2869 p
2655 2798 2783 2853 2411
2827 2799 2849 2866 ΙΙ
2887 2804 3109 2867 θερινοθ
3149 2799 3357 2865 χρόνου
3397 2796 3606 2850 Bouch

619 2887 677 2939 cs
715 2884 866 2940 Orus
906 2886 982 2938 lc
1024 2886 1047 2950 ΙΙ
1095 2886 1128 2938 3
1166 2888 1255 2938 καὶ
1295 2886 1371 2949 ὡς
1409 2886 1561 2939 ἔπιεν
1603 2886 1648 2938 Ρ
1689 2885 1711 2953 ΙΙ
1755 2885 1878 2955 4sq
1918 2887 2243 2942 adtendere
2281 2887 2472 2958 coepit
2514 2888 2790 2958 corporis
2823 2887 3029 2959 fiyiem
3067 2888 3363 2954 προσέχειν
3400 2887 3607 2951 ἤρξατο

616 2979 720 3027 τοῦ
758 2976 1020 3039 σώματος
1057 2976 1263 3041 ηιδηαν
1289 2974 1336 3027 Ρ
1358 2973 1622 3044 effiyiem
1662 2975 1830 3044 εἰδείᾳ
1871 2991 2006 3029 corr
2028 2976 2238 3030 Bouch
2264 2977 2287 3044 ΙΙ
2313 2978 2345 3029 6
2367 2978 2445 3030 ad
2484 2994 2855 3043 cornuorum
2883 2980 2941 3031 cf
2966 2977 3155 3031 Adam
3180 2993 3218 3045 p
3245 2976 3315 3030 53
3352 2973 3609 3042 (Thiele)

616 3079 915 3118 cornuum
940 3066 1237 3118 naturam
1259 3063 1303 3116 Ρ
1329 3063 1352 3131 ΙΙ
1378 3066 1412 3119 6
1432 3079 1499 3132 sq
1523 3067 1837 3119 eoetensam
1865 3065 1932 3120 in
1961 3065 2154 3120 altum
2175 3068 2606 3131 ἀνατεταμένων
2633 3067 2709 3129 εἰς
2729 3069 2877 3132 ὕψος
2896 3067 2943 3120 Ρ
2981 3064 2999 3136 Η
3036 3066 3069 3119 8
3107 3064 3290 3119 totius
3327 3061 3609 3132 corporis

617 3154 753 3206 ὅλου
773 3158 876 3205 τοῦ
908 3154 1170 3218 σώματος
1192 3153 1239 3206 Ρ
1268 3154 1326 3206 cf
1345 3152 1552 3207 Bouch
1580 3151 1597 3223 Η
1623 3154 1656 3206 9
1677 3152 2085 3223 qracilitatem
2106 3156 2152 3208 P
2179 3155 2201 3221 ΙΙ
2228 3171 2384 3224 quas
2422 3171 2545 3209 non
2583 3158 2730 3209 esset
2768 3155 2818 3207 L
2852 3158 3171 3225 tamquam
3208 3169 3333 3207 non
3371 3150 3609 3221 possint

620 3241 665 3293 P
707 3242 1023 3295 manifesto
1067 3243 1128 3294 in
1168 3241 1218 3293 L
1257 3244 1496 3310 graecis
1534 3243 1686 3296 falso
1726 3243 2180 3297 accommodata
2205 3244 2229 3309 ΙΙ
2255 3245 2449 3311 φέρειν
2473 3243 2520 3296 Ρ
2548 3245 2725 3310 αἴρειν
2751 3243 2916 3298 Βδεὶ(
2956 3242 2973 3314 Η
3012 3245 3081 3297 10
3102 3245 3162 3297 ἐν
3184 3245 3230 3312 ᾧ
3255 3243 3300 3296 Ρ
3326 3242 3349 3309 ΙΙ
3377 3241 3443 3294 12
3461 3257 3605 3310 pro-

618 3328 790 3384 ximo
829 3329 879 3383 L
917 3329 1204 3399 proximi
1240 3330 1287 3383 P
1313 3330 1337 3398 ΙΙ
1364 3331 1431 3383 19
1469 3346 1625 3401 quae
1664 3331 2083 3386 custodiebant
2122 3347 2257 3386 eum
2294 3334 2366 3386 τὰ
2393 3333 2759 3400 φυλάσσοντα
2792 3334 2967 3386 αὐτὸν
3004 3334 3068 3387 Ρ.

1126 3505 1400 3562 Phaedr
1442 3505 1471 3561 Ι
1495 3508 1560 3561 12

619 3613 924 3669 Laudatis
959 3614 1229 3681 utiliora,
1267 3631 1421 3686 quae
1459 3614 1907 3684 contempseris,

620 3702 812 3772 Saepe
850 3702 1117 3758 inveniri
1155 3703 1325 3759 testis
1362 3706 1505 3760 haec
1542 3704 1899 3760 narratiost.

626 3793 719 3848 Ad
754 3794 987 3864 fontem
1025 3809 1248 3861 cervus,
1289 3811 1424 3848 cum
1465 3794 1723 3863 bibisset,
1760 3793 1984 3849 restitit

626 3883 705 3935 Et
743 3880 810 3935 in
849 3881 1084 3951 liquore
1122 3880 1280 3936 vidit
1317 3881 1583 3952 effiyiem
1620 3900 1813 3937 suam.

620 3955 721 4025 Ibi
759 3972 907 4025 dum
943 3985 1192 4024 ramosa
1228 3969 1469 4025 mirans
1507 3973 1724 4027 laudat
1761 3989 1993 4027 cornua

626 4061 1008 4130 Crurumque
1045 4059 1307 4114 nimiam
1345 4060 1697 4117 tenuitatem
1735 4061 2062 4132 vituperat,

633 4152 970 4205 Venantum
1008 4148 1206 4204 subito
1245 4147 1490 4205 vocibus
1529 4150 1894 4206 conterritus

622 4240 744 4292 Per
779 4254 1063 4306 campum
1098 4239 1314 4309 fuqere
1351 4238 1544 4308 coepit
1581 4243 1636 4294 et
1668 4256 1854 4295 cursu
1893 4240 2008 4295 levi

627 4328 818 4382 Canes
854 4325 1051 4382 elusit.
1127 4326 1284 4382 silva
1322 4331 1450 4383 tum
1489 4328 1722 4398 eaecepit
1758 4330 1979 4397 ferum,

623 4419 697 4471 In
737 4433 861 4487 qua
897 4415 1148 4471 retentis
1184 4416 1520 4486 impeditus
1559 4417 1847 4473 cornibus

622 4504 919 4560 Lacerari
965 4505 1158 4576 coepit
1193 4506 1501 4562 morsibus
1539 4506 1739 4562 saevis
1778 4524 2014 4563 canum.

631 4597 796 4649 Tunc
833 4594 1098 4651 moriens
1136 4597 1292 4650 hanc
1319 4595 1557 4652 dedisse
1584 4612 1782 4652 vocem
1811 4596 2064 4652 dicitur:

627 4686 674 4740 Ο
701 4700 795 4739 me
822 4683 1153 4756 infelicem!
1194 4684 1302 4754 qui
1326 4702 1490 4740 nunc
1518 4685 1760 4740 demum
1787 4684 2065 4756 intelleqo

634 4772 821 4829 Utilia
841 4772 994 4828 mihi
1014 4790 1200 4844 quam
1217 4773 1467 4844 fuerint,
1496 4791 1649 4845 quae
1670 4776 2068 4844 despeaeeram

623 4865 720 4929 Et,
761 4879 917 4934 quae
954 4863 1302 4932 laudaram,
1342 4865 1640 4934 quantum
1677 4866 1875 4919 luctus

1711 4951 2067 5022 [habuerint.

2607 3506 2779 3563 Rom
2817 3506 3002 3563 Burn
3040 3506 3130 3563 111
3151 3511 3183 3563 7

2175 3617 2396 3672 Cervus
2474 3614 2682 3671 bibens
2765 3617 2837 3670 de
2915 3617 3083 3686 fonte
3163 3633 3279 3672 sua
3376 3631 3611 3671 cornua

2169 3721 2398 3774 mayna
2448 3708 2515 3759 ut
2553 3704 2721 3772 vidit,
2780 3704 3044 3760 nimium
3092 3706 3348 3760 laudare
3402 3703 3612 3774 coepit,

2172 3811 2359 3849 crura
2396 3810 2536 3849 vero
2576 3793 2785 3849 tenuia
2822 3793 3207 3863 vituperavit.
3283 3811 3420 3849 cum
3465 3795 3611 3849 haec

2174 3899 2385 3938 cervus
2447 3885 2532 3938 ad
2585 3884 2815 3953 fontem
2867 3884 3113 3953 faceret,
3171 3882 3481 3938 venatoris
3519 3900 3613 3938 vo-

2174 3989 2296 4027 cem
2336 3971 2576 4027 audivit
2612 3975 2668 4027 et
2693 3987 2872 4027 canes
2897 3976 3143 4042 repente
3169 3975 3418 4027 latrare.
3453 3973 3612 4043 fuya

2174 4078 2386 4118 cervus
2407 4077 2525 4131 per
2549 4077 2835 4130 campum
2862 4059 3090 4115 dicitur
3116 4061 3377 4116 evasisse
3402 4062 3613 4116 molos-

2176 4150 2359 4220 <sos>.
2434 4154 2498 4204 at
2534 4150 2640 4205 ubi
2678 4149 2833 4205 silva
2872 4166 3006 4205 eum
3044 4149 3323 4220 suscepit,
3378 4149 3614 4221 magni-

2173 4241 2319 4295 tudo
2358 4256 2726 4294 cornuorum
2769 4238 3132 4294 venantibus
3170 4256 3305 4293 eum
3341 4237 3613 4293 retinuit.

2172 4333 2316 4384 tunc
2351 4331 2603 4385 mortem
2632 4345 2807 4383 suam
2846 4327 3059 4383 videns
3098 4327 3209 4382 ait:
3270 4344 3424 4398 quae
3461 4326 3615 4381 mihi

2172 4422 2345 4473 erant
2413 4416 2610 4485 utilia,
2709 4416 3051 4486 vituperavi
3130 4420 3183 4471 et
3275 4414 3616 4484 deceptiosa

2173 4507 2442 4561 laudavi.
2516 4506 2606 4562 sic
2662 4509 2716 4560 et
2774 4522 2886 4560 nos
2923 4506 3257 4560 laudamus
3296 4520 3473 4573 saepe
3526 4502 3615 4557 in-

2174 4595 2360 4651 utilia
2400 4599 2454 4651 et
2505 4595 2933 4664 vituperamus
2971 4596 3144 4649 bona.

840 5097 892 5159 1)
932 5094 1277 5165 Apparatus
1336 5097 1581 5150 criticus
1629 5096 2017 5151 Ps-Dosithei
2076 5098 2273 5151 textui
2329 5097 2635 5150 subiectus
2690 5098 2923 5149 tantum
2985 5094 3421 5163 discrepantias
3483 5109 3618 5162 gra-

627 5187 825 5239 viores
865 5194 924 5239 et
963 5186 1041 5239 ad
1081 5187 1238 5239 hanc
1278 5186 1410 5255 disp
1426 5187 1759 5239 utationem
1799 5187 2173 5239 necessarias
2213 5186 2496 5239 continet.

4203 1611 4223 2078 4--0—-—
4205 1281 4223 1602 ⁴⁴——1
4215 953 4223 1267 ————-.
4211 929 4223 945 A.
4215 857 4223 922 ...-
