4234 6017
1884 441 2231 510 ...50-

1215 736 1317 807 De
1364 739 1606 806 tribus
1654 739 1887 808 hircis
1937 740 2010 806 et
2054 740 2268 807 tauro
2318 742 2413 822 (cf
2458 763 2633 827 pagg
2685 744 2767 809 19
2789 747 2890 826 sq)

1778 878 2033 936 Ps-Dos
2071 878 2150 935 14
2188 878 2323 951 (14)

565 1009 785 1075 Ταῦρος
823 1009 1058 1076 φεύγων
1094 1008 1297 1061 λέοντα
1335 1008 1539 1060 ἑαυτὸν
1596 1006 1674 1072 εἰς
1728 1008 2004 1073 σπήλαιον
2127 1007 2370 1061 Taurus
2403 1005 2661 1077 fugiens
2699 1010 2928 1063 leonem
2984 1026 3045 1065 se
3091 1009 3159 1065 in
3198 1013 3553 1081 speluncam

568 1099 779 1166 ἔβαλεν,
816 1097 962 1151 ὅπου
1001 1098 1147 1162 ἦσαν
1183 1098 1380 1162 τράγοι
1416 1100 1580 1163 τρεῖς,
1619 1095 1822 1160 οἵτινες
1860 1094 2003 1165 <ώς>
2115 1093 2302 1163 misit,
2360 1094 2467 1150 ubi
2506 1099 2682 1150 erant
2731 1096 2909 1168 hyrei
2945 1101 3085 1167 tres,
3145 1100 3254 1170 qui
3290 1105 3359 1156 ut
3397 1101 3554 1157 vide-

570 1189 827 1253 ἑώρακαν
873 1190 1080 1240 τοῦτον
1132 1186 1506 1253 φοβούμενον,
1553 1185 1873 1249 κατεγέλων
1911 1185 2005 1237 αὐ·
2117 1187 2266 1237 runt
2304 1200 2441 1239 eum
2489 1183 2814 1254 timentem,
2872 1185 3234 1242 deridebant
3271 1205 3424 1245 eum.
3501 1194 3555 1244 et

568 1281 696 1330 τοῦ·
773 1276 1028 1338 κάκεῖνος
1103 1276 1291 1337 αὐτοῖς
1365 1273 1666 1341 ἀπεκρίθη·
1720 1273 1769 1327 ὦ
1807 1274 2006 1328 ἀπονε-
2120 1271 2223 1327 ille
2280 1272 2409 1329 illis
2464 1272 2816 1342 respondit:
2881 1275 3445 1349 [abintelleqentesss
3521 1297 3555 1336 o

566 1365 847 1432 νοημένοι,
898 1364 946 1418 εἰ
981 1365 1089 1431 γὰρ
1128 1366 1330 1434 ᾔδειτε,
1376 1363 1432 1417 τί
1487 1364 1601 1417 ὧδε
1662 1363 2002 1430 κατέφυγον,
2064 1377 2091 1417 5
2113 1361 2441 1433 desperati,
2503 1361 2561 1418 si
2623 1361 2787 1418 enim
2859 1362 3115 1433 sciretis,
3192 1383 3384 1437 quare
3457 1368 3556 1425 hic

569 1456 691 1509 οὐδ’
751 1456 819 1507 ἄν
875 1470 982 1519 μου
1030 1456 1382 1519 κατεγελᾶτε.
1446 1454 1632 1516 οὕτως
1679 1452 1784 1504 οὖν
1821 1451 2001 1505 ἐνίοτε
2112 1449 2470 1521 refuqerim‚
2525 1467 2649 1507 non
2706 1467 2799 1506 me
2858 1451 3242 1510 deridebatis.
3286 1455 3374 1513 sie
3412 1474 3555 1528 erqo

569 1545 640 1598 τὰ
702 1545 913 1598 δυνατὰ
994 1544 1273 1610 πρόσωπα
1329 1543 1440 1595 ὑπὸ
1497 1541 1797 1594 ἀδυνάτων
1859 1540 2004 1608 ύβρί-
2112 1539 2362 1609 saepius
2392 1542 2669 1609 potentes
2696 1555 3001 1609 personae
3038 1544 3113 1597 ab
3151 1542 3556 1616 inferioribus

567 1639 774 1691 ζονται.
2114 1627 2525 1684 iniuriantur.

566 1724 689 1793 sssq
728 1725 805 1787 ὡς
843 1722 964 1777 add
1004 1721 1170 1776 Book
1209 1722 1412 1785 οἵτινες
1450 1720 1664 1783 ἰδόντες
1703 1720 1880 1773 αὐτόν
1917 1718 1964 1772 Ρ
1989 1718 2014 1786 ΙΙ
2049 1718 2174 1787 4sq
2212 1717 2701 1788 abintelleqentes
2740 1718 2909 1774 deest
2945 1720 3008 1773 in
3047 1720 3094 1774 P
3119 1721 3143 1789 ΙΙ
3168 1723 3201 1778 7
3223 1739 3292 1793 sq
3336 1726 3412 1779 ab
3449 1724 3557 1781 im·

562 1811 918 1883 potentibus
954 1809 1197 1866 iniuria
1234 1809 1608 1880 affliguntur
1644 1809 1708 1864 P.

807 2063 977 2120 Rom
1014 2057 1200 2115 Burn
1237 2057 1328 2114 IV
1345 2059 1415 2113 16
1441 2081 1509 2105 =
1537 2055 1791 2112 Ps-Dos
2676 2053 2859 2112 Babr
2897 2054 2976 2113 91

568 2175 827 2242 (initium
878 2171 1278 2233 decurtatum)
1428 2206 1439 2220 .
1495 2164 1603 2221 ubi
1661 2168 1837 2220 erant
1889 2167 2012 2219 tres
2121 2164 2334 2216 Λέοντα
2372 2164 2607 2231 φεύγων
2641 2168 2849 2232 ταῦρος
2885 2165 2963 2229 εἰς
3001 2167 3274 2241 ἐρημαίην

570 2261 763 2336 hyrci.
837 2259 1123 2315 viderunt
1160 2271 1383 2326 equum
1419 2253 1726 2309 timentem
1764 2255 2013 2309 leonem·
2122 2252 2421 2319 σπήλυγγα
2458 2254 2663 2306 κατέδυ
2701 2254 2988 2318 ποιμένων
3024 2257 3377 2338 ὀρειφοίτων,

573 2369 687 2425 que
721 2349 1058 2421 fuyientem
1098 2348 1152 2400 et
1188 2343 1548 2399 deridebant
1574 2342 1644 2398 ei.
1682 2342 1784 2397 ille
1812 2344 2013 2397 autem
2122 2342 2268 2394 ὅπου
2306 2342 2514 2408 τράγος
2551 2358 2635 2406 τις
2671 2344 2841 2410 χωρὶς
2878 2344 3132 2402 αἰπώλου
3173 2354 3359 2422 μείνας

571 2440 975 2512 respondebat
999 2435 1102 2491 eis.
1179 2452 1212 2490 o
1251 2432 1561 2503 desperati
1598 2436 1653 2488 et
1690 2431 1916 2502 iqnari,
1955 2430 2014 2486 si
2124 2431 2226 2483 τὸν
2262 2435 2473 2496 ταῦρον
2512 2429 2680 2495 ἐμβὰς
2714 2436 2831 2494 τοῖς
2870 2434 3095 2499 κέρασιν
3131 2440 3342 2499 ἐξώθει,

573 2528 829 2598 sciretis,
870 2524 1011 2598 quis
1048 2541 1142 2579 me
1174 2522 1586 2593 persequitur,
1641 2538 1768 2577 non
1806 2520 2017 2576 minus
2125 2520 2157 2572 ὃ
2196 2517 2245 2572 δ’
2284 2519 2444 2572 εἶπεν
2485 2520 2585 2588 ,,οὐ
2625 2520 2702 2579 σέ,
2742 2521 2845 2573 τὸν
2882 2522 3083 2577 λέοντα
3122 2528 3170 2580 δ’
3209 2532 3477 2592 ἐκκλίνων

566 2617 891 2689 paveretis.
991 2613 1081 2669 sie
1144 2629 1285 2684 erqo
1353 2611 1605 2681 saepius
1662 2608 2015 2680 potentibus
2124 2606 2387 2673 ἀνέξομαί
2424 2620 2528 2660 σου
2566 2609 2733 2674 μικρὰ
2769 2613 2873 2676 τῆς
2910 2611 3199 2683 ἐπηρείης·

564 2704 854 2779 personis
891 2705 967 2759 ab
1004 2700 1413 2773 inferioribus
1452 2698 1695 2756 detrahi
1731 2700 1899 2755 solet.
2124 2698 2246 2751 ἐπεὶ
2280 2697 2608 2763 παρελθέτω
2649 2714 2729 2763 με,
2771 2701 2860 2752 καὶ
2898 2701 3031 2756 τότε
3071 2709 3265 2779 γνώσῃ

2122 2787 2306 2840 πόσον
2340 2785 2554 2852 τράγου
2594 2789 2796 2851 μεταξὺ
2835 2793 2926 2844 καὶ
2963 2793 3146 2848 πόσον
3183 2801 3448 2867 roomo!

2122 2875 2283 2944 [πρὸς
2316 2875 2451 2938 τοὺς
2487 2880 2605 2938 τοῖς
2641 2877 3051 2949 δυνατωτέροις
3089 2885 3522 2960 ἐπεμβαίνοντας

2118 2966 2169 3018 δ’
2208 2964 2560 3030 ἐπικειμένην
2596 2966 2790 3033 αὐτοῖς
2825 2975 3163 3044 συμφοράν.]

1025 3275 1128 3341 De
1176 3274 1497 3342 hominis
1545 3274 1617 3339 et
1664 3272 1898 3338 leonis
1947 3268 2441 3352 disputatione
2487 3268 2582 3345 (cf
2627 3289 2803 3354 pagg
2848 3274 3137 3358 20—25)

1800 3411 2050 3468 Ps-nos
2088 3407 2222 3482 (15)
2260 3406 2336 3465 15

577 3546 849 3616 Aesopus
868 3543 1303 3613 interrogatus,
1329 3557 1520 3613 quare
1545 3539 1833 3596 mulieres
1856 3537 2012 3594 viris
2122 3537 2382 3601 Αἴσωπος
2419 3537 2811 3606 ἐπερωτηθεὶς,
2852 3541 2941 3594 διὰ
2977 3542 3032 3597 τί
3066 3553 3326 3614 γυναῖκες
3363 3550 3561 3620 ἀνδρά-

581 3636 777 3691 dotem
817 3635 970 3688 dant
1007 3636 1062 3687 et
1098 3648 1222 3687 non
1249 3630 1373 3687 viri
1398 3630 1777 3699 mulieribus,
1817 3627 2013 3699 coepit
2122 3643 2209 3682 σιν
2270 3633 2476 3696 προῖκα
2538 3625 2789 3681 διδόασιν
2844 3632 2934 3683 καὶ
2972 3633 3076 3686 οὐκ
3113 3636 3167 3688 οἱ
3206 3638 3405 3707 ἄνδρες
3441 3649 3563 3709 ταῖς

576 3720 928 3777 huiusmodi
963 3722 1268 3791 fabulam:
1307 3722 1481 3775 homo
1508 3724 1562 3775 et
1588 3721 1676 3774 leo
1703 3720 2012 3775 certabant
2120 3721 2385 3784 γυναιξὶν,
2423 3718 2631 3784 ἤρξατο
2669 3718 2936 3771 τοιούτου
2984 3722 3196 3786 μύθου·
3259 3729 3559 3797 ἄνθρωπος

576 3812 739 3866 inter
774 3826 853 3879 se,
889 3809 1032 3881 quis
1070 3813 1218 3864 esset
1255 3808 1556 3879 superior,
1595 3812 1649 3863 et
1676 3807 1806 3864 eius
1834 3810 2012 3862 alter·
2123 3808 2213 3859 καὶ
2250 3807 2400 3864 λέων
2435 3805 2695 3873 ἡρίζοντο
2735 3805 2814 3871 εἰς
2851 3808 3073 3878 αύτούς,
3125 3814 3208 3878 τίς
3265 3817 3348 3883 εἴη
3389 3821 3560 3886 προῦ-

579 3897 839 3955 cationis
902 3901 1272 3969 quaerebant
1325 3896 1754 3952 testimonium.
1841 3898 2016 3951 homo
2077 3912 2239 3962 5χων
2278 3898 2367 3949 καὶ
2404 3896 2617 3963 ταύτης
2650 3898 2754 3961 τῆς
2792 3896 3268 3968 ἀμφισβητήσεως
3326 3907 3562 3975 ἐξῄτουν

579 3987 761 4044 duaeit
800 3989 1025 4043 leonem
1081 3989 1165 4042 ad
1203 3989 1678 4055 monumentum,
1740 3985 1848 4041 ubi
1883 3987 2013 4040 erat
2125 3987 2446 4053 μαρτύριον.
2547 3987 2846 4053 ἄνθρωπος
2910 3990 3122 4055 ἤγαγεν
3195 3996 3298 4048 τὸν
3358 3996 3561 4051 λέοντα

577 4077 828 4148 pictum,
905 4078 1418 4147 quemadmodum
1480 4077 1568 4131 leo
1630 4078 1705 4132 ab
1777 4073 2014 4130 hom-ine
2121 4076 2263 4142 πρὸς
2301 4080 2586 4144 μνημεῖον,
2625 4075 2771 4129 ὅπου
2811 4078 2883 4143 ἦν
2909 4079 3402 4153 ἐζωγραφημένον,
3442 4090 3564 4151 πῶς

577 4167 1010 4236 suffocabatur.
1102 4166 1209 4221 sed
1278 4167 1365 4220 leo
1429 4164 1776 4234 respondit:
1850 4166 2012 4233 haee,
2122 4166 2268 4219 λε’ων
2325 4166 2437 4219 ὑπὸ
2494 4165 2800 4231 ἀνθρώπου
2856 4168 3134 4233 ἐπνίγετο.
3221 4174 3361 4227 ἀλλὰ
3415 4176 3562 4228 λέων

576 4254 800 4326 inquit,
876 4253 1130 4325 pictura
1204 4256 1280 4309 ab
1351 4253 1592 4310 homine
1656 4253 1832 4324 pieta
1908 4258 2011 4309 est.
2124 4254 2425 4322 ἀπεκρίθη·
2502 4256 2665 4322 αὕτη,
2722 4256 2913 4324 φησίν,
2969 4257 3070 4326 <ή>
3112 4263 3408 4331 Ζωγραφία
3451 4266 3562 4318 ὑπὸ

578 4343 798 4415 quodsi
847 4346 900 4399 et
938 4345 1026 4398 leo
1057 4342 1362 4414 pinywet,
1401 4342 1675 4413 vidisses,
1721 4346 2017 4415 quomodo
2058 4360 2107 4399 10
2129 4344 2434 4411 ἀνθρώπου
2511 4344 2908 4412 ἐζωγραφήθη.
3027 4347 3076 4400 εἰ
3137 4350 3199 4403 δέ
3265 4354 3355 4405 καὶ
3415 4354 3563 4406 λέων

578 4435 667 4488 leo
721 4434 1050 4502 suffocaret
1102 4431 1418 4487 hominem.
1495 4434 1604 4488 sed
1653 4435 1708 4487 et
1743 4448 1867 4503 eqo,
1923 4431 2013 4487 in·
2124 4434 2459 4502 ἐζωγράφει,
2519 4434 2783 4500 ἑωράκεις
2824 4435 2957 4501 <ἂν>
2997 4441 3120 4500 πῶς
3157 4440 3303 4492 λέων
3339 4441 3562 4504 ἔπνιγεν

580 4520 728 4592 quit,
786 4524 940 4577 dabo
996 4520 1107 4577 tibi
1151 4538 1361 4576 verum
1416 4520 1843 4577 testimonium.
1903 4524 2009 4577 du·
2118 4525 2438 4590 ἄνθρωπον.
2496 4524 2636 4576 ἀλλὰ
2674 4526 2764 4576 καὶ
2794 4524 2993 4592 <ἐγ>ώ,
3034 4526 3224 4594 φησίν,
3263 4529 3434 4581 δώσω
3473 4544 3561 4583 σοι

577 4608 675 4664 oeit
736 4627 870 4665 eum
928 4612 1013 4666 ad
1067 4608 1588 4681 amphitheatrum
1639 4612 1694 4665 et
1757 4610 2016 4667 ostendit
2128 4613 2333 4679 ἀληθές
2360 4611 2681 4679 μαρτυρίαν.
2721 4614 2933 4679 ἤγαγεν
2972 4615 3145 4667 αὐτὸν
3182 4615 3258 4679 εἰς
3295 4616 3562 4684 ἀμφιθέα-

580 4697 652 4765 ei,
689 4700 1202 4768 Quemadmodum
1251 4700 1425 4755 homo
1465 4717 1503 4754 a
1541 4701 1706 4756 leone
1759 4702 2017 4771 suffoca·
2126 4717 2264 4767 τρον
2304 4703 2393 4754 καὶ
2433 4703 2635 4756 ἔδειξεν
2663 4702 2836 4770 αὐτῷ,
2889 4706 3012 4764 πῶς
3049 4704 3398 4771 ὁᾶνθρωπος
3451 4708 3562 4762 ὑπὸ

580 4789 777 4857 batur,
834 4790 890 4842 et
932 4786 1124 4844 dixit:
1187 4788 1284 4845 hic
1341 4789 1608 4845 colorum
1667 4788 2008 4846 testimonio
2048 4806 2098 4845 15
2120 4791 2349 4853 λέοντος
2388 4790 2661 4859 ἐπνίγετο,
2719 4793 2807 4844 καὶ
2858 4792 3042 4844 εἶπεν·
3097 4793 3209 4845 ὧδε
3248 4797 3564 4862 χρωμάτων

580 4892 734 4947 opus
787 4892 912 4931 non
968 4881 1070 4946 est,
1153 4880 1258 4934 sed
1319 4878 1584 4935 veritate.
1679 4877 1780 4936 eui
1840 4880 2015 4935 homo
2129 4881 2435 4948 μαρτύριον
2490 4879 2646 4947 χρεία
2709 4881 2814 4933 οὔκ
2877 4869 3028 4934 ἐστιν
3090 4881 3229 4935 ἀλλὰ
3286 4884 3561 4951 ἀληθείας.

581 4963 771 5022 discit:
845 4964 1110 5034 vicisses,
1183 4966 1239 5021 si
1305 4984 1430 5023 non
1485 4966 1810 5039 alliqatum
1862 4967 2017 5024 mihi
2126 4970 2173 5039 ᾧ
2230 4970 2262 5021 ὁ
2322 4970 2620 5037 ἄνθρωπος
2675 4970 2862 5023 εἶπεν·
2912 4970 3247 5037 ἑνενικήκεις
3298 4973 3454 5043 <ἂν>,
3516 4976 3564 5030 εἰ

580 5052 886 5112 hominem
924 5053 1302 5110 ostendisses.
1378 5059 1551 5112 erede
1606 5073 1749 5129 erqo
1788 5056 2013 5114 vietum
2127 5060 2201 5124 μὴ
2266 5060 2603 5125 δεδεσμένον
2665 5059 2787 5125 ἐμοὶ
2826 5059 3127 5127 ἄνθρωπον
3185 5064 3407 5129 ἔδειξας.
3482 5066 3565 5119 πί·

582 5144 637 5197 te
673 5142 741 5197 in
780 5158 846 5198 eo
906 5143 1249 5215 manifeste.
1324 5160 1490 5214 para
1548 5162 1690 5217 erqo
1746 5149 1800 5202 te
1853 5146 2015 5202 inter
2125 5161 2367 5202 στευσον
2421 5148 2525 5202 οὖν
2561 5150 2927 5215 νενικημένον
2963 5165 3027 5205 σε
3065 5154 3126 5206 ἐν
3162 5154 3353 5224 τούτῳ
3395 5170 3565 5222 φανε-

581 5234 776 5287 cetera
803 5232 1119 5302 abstinere,
1158 5237 1212 5288 et
1238 5232 1392 5288 scire
1419 5235 1645 5289 leonem
1673 5237 1749 5290 ab
1775 5234 2015 5291 homine
2053 5252 2104 5292 20
2124 5242 2256 5305 ρῶς.
2324 5238 2624 5305 ἑτοίμασον
2678 5239 2784 5294 οὖν
2841 5256 2905 5294 σε
2943 5241 3004 5293 ἐν
3038 5248 3157 5307 τοῖς
3213 5244 3400 5304 ἄλλοις
3438 5244 3566 5296 ἀπέ·

4116 1177 4139 1772 ᾼμ-ῥ-ᾷ-ρνᾖ-
4127 975 4136 1062 4
4121 351 4137 952 ῌ--ᾀῌ9ῌ
4133 241 4134 248 ᾼ
4131 177 4134 198 μ
