4234 6017
2116 419 2466 473 ...11-

1012 599 1226 664 Etiam
1278 598 1381 664 hic
1429 618 1744 683 agnoscas
1791 597 1916 663 duo
1964 598 2395 663 narrationum
2444 618 2705 682 genera.
2798 596 3046 663 inducit
3093 598 3296 664 altera
3328 598 3527 664 series
3559 618 3780 664 canem

724 719 735 734 ·
805 706 1018 771 carnis
1086 706 1374 771 umbram
1446 707 1509 770 in
1580 725 1749 788 aqua
1818 703 2074 770 undulis
2127 704 2589 789 amplificatam
2646 703 3000 771 videntem:
3050 704 3225 770 Babr
3257 706 3359 782 79,
3426 703 3644 792 Aphth
3695 707 3783 770 35

800 813 1047 878 Ps-Dos
1086 813 1279 894 11(5)‚
1314 812 1475 878 Rom
1509 813 1704 893 (Burn
1738 813 1853 894 15,
1888 812 2040 877 Flor
2074 813 2188 895 15,
2240 811 2494 879 Vindob
2526 813 2589 896 ὃ,
2639 812 2957 877 Wissemb
2988 812 3119 895 16),
3169 812 3401 899 Syntip
3427 813 3534 896 28,
3578 812 3785 879 altera

798 925 1045 984 autem:
1115 917 1373 985 Phaedr
1404 918 1816 984 I4=Adem
1841 920 1901 1002 7,
1942 919 2173 985 Theon
2204 919 2267 1003 3,
2311 919 2446 986 Kor
2464 917 2756 995 209²=b‚
2806 918 3072 984 Tetr19
3136 939 3358 985 canem
3422 940 3545 985 non
3593 918 3783 985 modo

802 1028 1014 1092 carnis
1060 1026 1425 1110 imaginem,
1474 1026 1588 1093 sed
1638 1027 1831 1092 etiam
1879 1026 2073 1092 alium
2124 1046 2348 1092 canem
2393 1026 2590 1093 aliam
2621 1025 2929 1111 praedam
2962 1026 3291 1092 ferentem.
3367 1025 3482 1092 sed
3531 1027 3783 1110 quibus·

799 1132 945 1198 dam
1025 1154 1107 1200 ex
1176 1133 1279 1199 his
1344 1134 1594 1215 (Theon
1644 1134 1709 1215 3,
1782 1133 1916 1199 Kor
1961 1132 2248 1215 209⁸=b)
2321 1154 2463 1199 cum
2534 1134 2746 1218 priore
2814 1153 3051 1217 genere
3121 1132 3187 1199 id
3267 1152 3596 1199 commune
3663 1140 3781 1217 est,

801 1239 968 1323 quod
1004 1241 1182 1306 canis
1215 1241 1425 1307 carnis
1458 1242 1744 1307 umbram
1778 1239 2082 1307 maiorem
2117 1261 2306 1324 quam
2341 1261 2559 1306 veram
2594 1260 2849 1305 carnem
2900 1246 3125 1324 putare
3165 1240 3424 1326 insuper
3468 1246 3779 1306 narratur.

799 1346 968 1430 quod
1046 1346 1575 1430 additamentum,
1654 1353 1725 1414 ut
1801 1347 1968 1414 hanc
2041 1368 2173 1413 rem
2221 1348 2348 1412 iam
2399 1347 2504 1413 hic
2550 1346 2930 1432 persolvam,
3000 1346 3189 1413 valde
3235 1366 3780 1432 supervacaneum

797 1473 939 1520 esse
986 1453 1140 1519 mihi
1187 1454 1459 1521 videtur.
1551 1462 1698 1522 sunt
1745 1456 1911 1521 enim
1963 1474 2155 1521 canes
2215 1463 2346 1520 tam
2393 1454 2591 1537 avidi,
2638 1461 2708 1520 ut
2754 1453 2939 1520 alteri
2988 1455 3131 1521 cani
3179 1455 3470 1539 quamvis
3517 1475 3782 1541 parvam

712 1555 716 1564 ’
798 1559 1104 1645 praedam
1153 1560 1411 1628 minime
1458 1562 1837 1628 concedant.

1012 1667 1323 1736 Videmus
1372 1690 1526 1754 ergo
1573 1671 1639 1736 in
1685 1668 1811 1735 hac
1857 1670 2100 1736 fabella
2149 1668 2637 1737 Ps·Dositheum
2687 1676 2753 1735 et
2785 1669 3086 1735 Babrium
3136 1676 3200 1735 et
3232 1669 3570 1734 Romulum
3605 1676 3783 1735 certa

803 1775 1050 1841 ratione
1099 1775 1464 1842 cohaerere.
3696 1841 3703 1848 ,

1012 1882 1108 1947 Ac
1174 1884 1447 1968 primum
1512 1882 1769 1967 quidem
1838 1885 1903 1949 in
1970 1885 2374 1951 Ps-Dosithei
2442 1891 2506 1949 et
2555 1884 2775 1950 Babrii
2850 1883 3299 1951 necessitatem
3369 1885 3782 1967 inquiramuS.

804 1989 1165 2073 magistello
1213 2009 1356 2055 cum
1403 1990 1639 2057 Babrio
1687 1999 1943 2076 praeter
1988 1991 2170 2074 illud,
2220 1990 2390 2076 quod
2438 2011 2633 2076 supra
2679 1991 3025 2074 attulimus,
3093 1992 3285 2056 etiam
3333 1990 3400 2055 id
3450 2011 3782 2056 commune

801 2103 918 2179 est,
996 2095 1166 2180 quod
1225 2097 1291 2162 in
1347 2098 1662 2183 principio
1712 2098 1891 2164 canis
1938 2119 2196 2165 carnem
2244 2120 2369 2165 non
2419 2098 2609 2165 modo
2655 2098 2721 2163 in
2768 2118 2876 2164 ore
2948 2106 3164 2164 tenere
3235 2104 3304 2163 ut
3372 2099 3438 2162 in
3486 2096 3783 2162 Phaedro

799 2209 899 2280 (--
935 2201 1191 2286 Adem),
1240 2203 1532 2287 Romulo,
1583 2205 1839 2291 Aesopo
1876 2205 2179 2291 pedestri,
2229 2205 2672 2290 Tetrastichis,
2719 2205 2834 2272 sed
2884 2206 3078 2272 etiam
3127 2207 3414 2291 rapuisse
3461 2210 3782 2270 narratur:

801 2309 975 2375 Babr
1021 2312 1167 2374 vl:
1239 2312 1427 2390 κρέας
1475 2311 1648 2377 κύων
1696 2312 1968 2391 ἔκλεψεν
2037 2314 2107 2378 ἐκ
2175 2315 2535 2393 μαγειρείου
2584 2350 2662 2361 --
2739 2313 3020 2379 Ps-Dos:
3093 2314 3284 2392 κρέας
3354 2311 3527 2377 κύων
3584 2311 3783 2390 ἁρπά-

801 2430 924 2495 σας
1002 2437 1205 2483 carne
1281 2420 1468 2484 canis
1543 2427 1768 2504 rapta.
1858 2440 2070 2503 ,neque
2149 2428 2360 2486 tamen
2440 2420 2562 2486 hoc
2638 2421 2903 2485 multum
2982 2420 3174 2486 valet.
3269 2440 3415 2483 nam
3471 2420 3663 2484 etiam
3717 2419 3783 2483 in

802 2523 1097 2590 Phaedro
1143 2546 1269 2591 non
1318 2532 1449 2590 tam
1498 2525 1580 2591 de
1628 2529 1806 2593 canis
1855 2527 2183 2593 cotidiana
2227 2548 2375 2595 esca
2426 2548 2613 2612 quam
2668 2527 2750 2592 de
2802 2546 2995 2594 earne
3043 2532 3232 2613 rapta
3280 2527 3389 2611 agi
3435 2546 3471 2591 e
3522 2545 3707 2591 versu
3740 2526 3783 2589 4

802 2630 994 2712 (vidit
1041 2631 1220 2700 canis
1266 2634 1604 2719 aliamque
1638 2637 1980 2720 praedam
2028 2640 2111 2701 ab
2160 2637 2376 2702 altero
2418 2638 2623 2724 ferri)
2670 2636 2828 2701 satis
2875 2640 3166 2720 apparet.
3260 2654 3373 2699 cur
3418 2633 3671 2699 omnino
3719 2633 3782 2698 in

802 2739 1092 2807 omnibus
1138 2741 1611 2807 narrationibus
1660 2741 1839 2808 canis
1884 2742 2127 2807 flumen
2177 2742 2384 2826 petit?
2461 2751 2635 2807 certe
2683 2763 2808 2807 non
2858 2762 3032 2824 casu,
3080 2739 3193 2807 sed
3228 2746 3298 2805 ut
3329 2746 3784 2826 persequentes

801 2846 1100 2930 effugiat.
1194 2854 1465 2933 apparet
1512 2868 1684 2932 ergo,
1753 2869 2138 2932 quamquam
2186 2851 2251 2913 in
2309 2849 2628 2915 nonnullis
2696 2850 2918 2915 formis
2987 2869 3112 2914 non
3184 2849 3503 2934 expressis
3570 2848 3785 2913 verbis

801 2953 1210 3037 significatur
1258 2974 1481 3020 canem
1531 2974 1783 3020 carnem
1834 2955 2113 3021 furatum
2187 2976 2347 3039 esse,
2420 2962 2632 3021 tamen
2682 2977 2921 3039 omnes,
2989 2976 3153 3039 quae
3200 2957 3457 3020 omnino
3507 2953 3784 3020 traditae

800 3067 964 3144 sunt,
1014 3059 1098 3125 ad
1131 3063 1535 3129 recensiones
1566 3069 1884 3147 spectare,
1920 3083 2083 3146 quae
2114 3063 2298 3129 initio
2331 3063 2692 3129 Babrianae
2726 3072 2790 3127 et
2822 3061 3374 3128 Ps·Dositheanae
3421 3061 3783 3129 simillimae

804 3166 1126 3250 fuerint1).
1219 3174 1434 3253 potest
1491 3189 1644 3253 ergo
1691 3167 1797 3235 hie
1857 3169 2115 3253 quidem
2183 3190 2526 3237 consensus
2596 3172 2762 3236 inter
2809 3170 3109 3235 Babrium
3180 3177 3245 3235 et
3292 3168 3782 3235 Ps-Dositheum

801 3275 995 3339 etiam
1043 3274 1129 3339 ad
1175 3274 1456 3341 fabellae
1503 3277 1765 3361 stirpem
1814 3277 2044 3343 redire.

1014 3380 1360 3467 Deinceps,
1429 3382 1601 3466 quod
1648 3382 1732 3448 ad
1800 3381 2169 3451 sermonem
2222 3387 2475 3469 attinet,
2546 3386 2950 3452 Ps-Dosithei
3020 3388 3135 3450 τοῦ
3185 3386 3385 3464 κρέως
3433 3385 3549 3462 τὴν
3597 3383 3785 3448 σκιὰν

802 3489 1025 3554 carnis
1049 3492 1356 3556 ambram
1389 3489 1719 3570 (abhorret
1751 3491 1903 3576 Par)
1936 3491 2143 3576 primo
2176 3499 2443 3578 aspectu
2495 3493 2579 3558 ad
2613 3493 2917 3558 Babriani
2954 3512 3171 3557 versus
3203 3491 3244 3556 3
3292 3494 3407 3555 τοῦ
3455 3490 3656 3568 κρέως
3687 3538 3699 3552 .
3727 3537 3740 3553 .
3766 3536 3781 3552 .

800 3596 916 3674 τὴν
963 3596 1148 3675 σκιὴν
1197 3614 1340 3662 cum
1387 3602 1652 3682 propter
1699 3598 2035 3664 verborum
2083 3598 2559 3665 similitudinem
2610 3604 2740 3663 tum
2775 3606 3038 3684 propter
3071 3596 3459 3679 singularem
3496 3594 3782 3659 ordinem

801 3709 1101 3787 spectare
1148 3702 1414 3769 iudices.
1510 3725 1720 3787 neque
1767 3711 1977 3770 tamen
2029 3705 2536 3772 obliviscendum
2586 3713 2682 3770 est
2728 3706 2790 3769 in
2840 3704 2963 3769 hac
3010 3702 3271 3784 fabella,
3321 3701 3490 3784 quod
3525 3699 3781 3785 quidem

802 3807 887 3874 ad
937 3809 1391 3876 Hermeumata
1438 3810 1785 3877 Leidensia
1839 3813 2089 3896 attinet,
2165 3814 2439 3896 vestigia
2505 3813 2798 3895 inveniri,
2869 3832 2905 3877 e
2953 3812 3182 3894 quibus
3251 3810 3501 3875 eluceat
3546 3828 3783 3893 graeca

802 3921 1029 4000 postea
1075 3937 1116 3981 a
1163 3915 1439 3999 quodam
1510 3937 1788 4001 graecae
1861 3920 2121 4003 linguae
2191 3921 2381 4005 plane
2450 3919 2713 3986 indocto
2783 3919 3000 3985 latinis
3069 3915 3557 3984 accommodata
3622 3936 3783 3996 esse,

802 4021 967 4088 sicut
999 4022 1190 4107 paulo
1223 4024 1426 4088 infra:
1474 4026 1576 4088 καὶ
1623 4024 2022 4105 θεασάμενος
2070 4031 2187 4090 τοῦ
2236 4028 2441 4106 κρέως
2489 4030 2607 4106 τὴν
2640 4028 2829 4092 σκιὰν
2863 4028 3286 4091 ὑπώπτευσεν
3319 4025 3577 4105 μείζονα
3622 4022 3785 4089 εἶναι

804 4128 882 4207 ἦς
933 4129 1127 4207 (falso
1162 4150 1278 4214 pro
1305 4128 1411 4210 οὗ)
1461 4130 1697 4210 ἔφερεν
1728 4133 2049 4197 maiorem
2085 4154 2223 4198 esse
2260 4134 2421 4218 <ea>
2458 4156 2659 4218 quam
2687 4137 2967 4220 ferebat.
3021 4153 3218 4217 quare
3252 4133 3444 4197 etiam
3485 4131 3659 4196 illum
3695 4131 3784 4195 in·
3899 4193 3906 4199 .

801 4236 1055 4301 solitum
1079 4237 1412 4302 verborum
1435 4236 1720 4303 ordinem
1742 4242 1857 4303 τοῦ
1873 4240 2077 4318 κρέως
2102 4242 2221 4318 τὴν
2246 4240 2434 4305 σκιὰν
2460 4260 2540 4305 ex
2567 4243 2684 4319 τὴν
2709 4244 2825 4305 τοῦ
2851 4241 3053 4319 κρέως
3082 4240 3269 4304 σκιὰν
3290 4245 3516 4324 postea
3542 4238 3784 4302 factum

802 4362 942 4410 esse
973 4350 1148 4428 puto,
1197 4350 1262 4408 et
1304 4343 1371 4408 id
1405 4364 1484 4410 ea
1515 4344 1598 4411 de
1631 4365 1847 4422 causa,
1897 4353 1965 4411 ut
1997 4368 2237 4431 graeca
2269 4368 2458 4432 quam
2493 4348 2783 4433 proxime
2815 4346 2899 4411 ad
2943 4346 3145 4411 latina
3198 4347 3425 4412 carnis
3476 4346 3785 4409 umbram

802 4449 1206 4516 accederent.
1287 4458 1559 4536 apparet
1606 4472 1687 4517 ex
1735 4452 1835 4518 his
1866 4453 2356 4520 Ps·Dositheum
2390 4477 2430 4521 a
2463 4455 2697 4521 Babrio
2745 4452 3114 4539 dependere
3160 4473 3286 4517 non
3319 4470 3584 4517 necesse
3621 4470 3783 4518 esse.

804 4556 1328 4623 verisimillimum
1380 4564 1478 4624 est
1524 4556 1642 4624 has
1690 4558 1852 4626 duas
1899 4562 2325 4643 recensiones,
2393 4583 2534 4627 cum
2601 4563 2869 4627 alteram
2917 4562 3000 4626 ab
3049 4560 3255 4625 altera
3321 4558 3492 4624 haud
3565 4557 3785 4642 procul

803 4662 1047 4729 distare
1095 4684 1220 4730 non
1267 4664 1633 4749 negandum
1683 4666 1787 4748 sit,
1838 4686 1872 4731 e
1920 4667 2098 4732 fonte
2149 4667 2319 4733 haud
2369 4669 2565 4735 multo
2614 4668 2870 4735 diverso
2919 4667 3246 4744 derivatas
3294 4686 3452 4731 esse.

1014 4770 1144 4836 Sed
1195 4778 1333 4838 tota
1381 4772 1542 4836 haec
1587 4772 1939 4837 similitudo
1988 4773 2246 4840 levioris
2295 4781 2393 4840 est
2441 4776 2765 4839 momenti.
2846 4783 3069 4839 contra
3118 4773 3537 4837 demonstrari
3574 4777 3786 4856 potest

802 4877 1289 4944 Ps·Dositheum
1341 4880 1537 4944 multo
1585 4880 1848 4964 propius
1895 4879 1980 4944 ad
2042 4878 2379 4942 Romulum
2430 4876 2761 4956 accedere,
2812 4875 2893 4940 ad
2945 4896 3131 4959 quem
3182 4876 3371 4939 etiam
3425 4879 3786 4940 assumatur

803 4982 1153 5050 Phaedrus.

800 5128 1043 5136 0———ffl

1014 5197 1066 5261 1)
1107 5195 1225 5253 Sed
1265 5200 1329 5251 cf
1361 5196 1987 5253 Christofferssonium
2025 5214 2197 5268 pagg
2233 5198 2302 5251 34
2329 5212 2416 5266 sq.
