4234 6017
1978 475 2331 529 -42-

342 666 501 720 Babr
552 667 654 721 1529
882 654 1152 720 Etiamsi
1201 655 1265 719 in
1311 655 1554 720 fabella
1603 655 1692 721 de
1740 656 1958 721 asino
2007 656 2322 722 domino
2379 656 2831 722 blandiente
2867 656 2996 722 129
3043 657 3344 722 distincte
3394 657 3653 722 definiri

672 782 801 825 non
852 768 1087 846 potest,
1139 782 1304 844 quae
1356 764 1573 827 Babrii
1622 764 1823 847 ipsius
1871 763 2130 847 ingenio
2178 771 2288 828 aut
2337 765 2497 828 fonti
2547 766 2683 830 cius
2741 764 3180 830 adiudicanda
3227 764 3375 846 sint,
3444 771 3654 829 tamen

673 875 921 933 ceteras
953 867 1224 933 fortmas

897 972 1087 1028 Galen
1128 973 1331 1027 XVIII
1370 975 1469 1028 281
1515 974 1585 1042 K,
1624 975 1773 1028 Rom
1806 973 2293 1043 1161)=Adem
2319 977 2383 1029 17
2421 976 2568 1046 (pag
2595 976 2662 1029 46
2686 976 2815 1045 Th),
2854 974 3136 1046 Anonym
3162 977 3379 1055 :Kor
3405 977 3559 1031 212a

673 1078 1104 1142 conferentem
1166 1099 1290 1142 non
1322 1075 1608 1161 effugit,
1681 1085 1986 1161 qnantum
2035 1080 2309 1144 Babrius
2376 1080 2520 1144 illas
2583 1086 2842 1165 superet
2883 1080 3080 1163 idque
3126 1082 3205 1146 iis
3251 1082 3406 1166 ipsis
3464 1082 3655 1147 virtu·

673 1185 861 1266 tibus,
920 1204 1079 1267 quas
1125 1191 1356 1269 poetae
1404 1185 1696 1269 proprias
1757 1206 1897 1251 esse
1944 1187 2072 1250 iam
2121 1187 2183 1250 in
2235 1187 2442 1270 priore
2491 1186 2941 1271 disputationis
2987 1195 3170 1272 parte
3220 1189 3653 1271 cognovimus.

673 1290 838 1372 quod
891 1310 1014 1373 quo
1061 1293 1268 1375 magis
1315 1298 1647 1376 appareat,
1697 1294 2011 1358 constituo
2061 1293 2484 1357 variationum
2533 1293 2773 1359 classes
2820 1301 2970 1359 tres.

885 1398 959 1461 In
994 1398 1199 1482 prima
1235 1399 1440 1464 classe
1473 1399 1699 1464 Galcni
1734 1399 2275 1465 narratiunculam
2325 1399 2552 1467 habeO.
2648 1401 2826 1466 cuius
2873 1407 3098 1466 auctor
3144 1416 3330 1466 omne
3368 1401 3649 1467 studium

671 1504 736 1568 in
803 1505 1110 1569 comicam
1176 1505 1456 1570 fabellae
1521 1525 1777 1571 scenam
1846 1507 2135 1570 contulit.
2227 1526 2347 1571 nec
2413 1506 2579 1571 enim
2629 1508 2693 1571 in
2764 1527 2839 1572 eo
2905 1508 3109 1573 solum
3175 1508 3519 1590 acquievit,
3587 1514 3655 1573 ut

673 1611 916 1674 asinum
967 1609 1281 1676 facultate
1329 1611 1484 1676 data
1530 1612 1695 1677 sicut
1743 1613 2071 1693 RomuluS,
2124 1613 2385 1678 alterius
2418 1612 2642 1678 classis
2675 1620 2917 1700 auctor,
2969 1613 3224 1679 domino
3266 1635 3380 1680 suo
3412 1615 3655 1681 blandi-

674 1723 885 1782 entem
918 1718 1141 1795 faciat,
1191 1718 1305 1784 sed
1340 1719 1532 1783 etiam
1565 1719 1904 1784 immanem
1955 1720 2205 1785 beluam
2255 1720 2320 1784 in
2369 1720 2709 1784 triclinium
2760 1721 2962 1804 ipsum
3015 1722 3303 1786 convivis
3349 1721 3652 1787 refertum

672 1823 930 1888 immisit
964 1826 1378 1904 (κατεφίλουν
1411 1825 1568 1890 αὐτὸ
1603 1827 1955 1908 (catellum)
2005 1829 2243 1906 πάντες
2278 1829 2338 1892 οἱ
2371 1828 2746 1892 σύνδειπνοι
2774 1878 2787 1892 .
2815 1879 2828 1891 .
2855 1876 2867 1890 .
2899 1829 2973 1908 ὃς
3024 1829 3289 1910 (asinus)
3326 1878 3340 1893 .
3364 1878 3377 1893 .
3406 1878 3420 1894 .
3455 1832 3654 1909 μηδὲν

674 1931 1009 2009 μελλήσαε,
1070 1929 1209 1995 ἀλλ’
1272 1932 1462 2010 εὐθὺς
1516 1931 1942 2011 ἀναπηδήσας
1991 1935 2094 1998 ἐπὶ
2142 1936 2259 2012 τὴν
2307 1936 2527 2012 κλίνην
2574 1935 2886 2017 ὀγκᾶται),
2952 1936 3060 2000 ubi
3108 1935 3471 2001 vehementi
3520 1937 3655 2002 eius

673 2037 914 2123 impetu
963 2045 1134 2102 certe
1182 2038 1498 2103 hominem
1547 2046 1610 2104 et
1657 2060 1865 2105 rerum
1916 2042 2208 2107 confusio
2255 2041 2653 2107 iocosissima
2699 2042 2844 2107 fieri
2894 2042 3107 2107 debet.
3202 2042 3308 2109 hic
3341 2051 3553 2109 tamen
3586 2044 3653 2108 id

675 2144 880 2208 minus
927 2144 1159 2228 placet,
1210 2145 1379 2227 quod
1427 2145 1596 2210 idem
1644 2146 1928 2211 fabulam
1977 2148 2341 2232 legentibus
2388 2170 2512 2232 non
2560 2150 2717 2213 satis
2764 2150 2927 2214 bene
2974 2157 3122 2215 ante
3170 2152 3387 2217 oculos
3418 2152 3652 2236 posuit,

677 2250 993 2332 quomodo
1042 2252 1276 2334 asinuS,
1326 2253 1585 2333 quaein
1621 2253 1895 2318 triclinio
1929 2254 2318 2333 acciderent,
2370 2258 2740 2341 conspicere
2773 2264 2989 2340 posset
3046 2258 3148 2337 (ὃς
3202 2259 3652 2339 θεασάμενος),

675 2357 906 2422 nedum
956 2378 1031 2422 eo
1080 2357 1436 2423 invaderet.

880 2463 1060 2541 Quae
1108 2464 1488 2546 difficultas,
1553 2466 1607 2531 si
1657 2473 1754 2532 est
1802 2488 2044 2551 revera,
2113 2470 2196 2533 ab
2246 2469 2509 2535 alterius
2558 2471 2781 2536 classis
2830 2473 3219 2554 auctoribus,
3293 2495 3332 2536 a
3379 2472 3651 2537 Romulo

673 2578 738 2635 et
763 2571 1038 2654 AesopO,
1089 2570 1364 2653 quadam
1413 2573 1660 2638 ratione
1709 2593 1785 2639 co
1834 2582 2123 2639 correcta
2172 2582 2286 2651 est,
2338 2576 2508 2657 quod
2558 2576 2665 2641 hic
2713 2597 2815 2643 res
2861 2599 2986 2642 non
3036 2579 3202 2643 inter
3249 2599 3474 2643 cenam
3522 2580 3653 2661 agi-

671 2683 791 2742 tur.
888 2698 1269 2760 quamquam
1341 2679 1536 2743 etiam
1608 2680 1777 2764 apud
1828 2681 2163 2746 Romulum
2233 2685 2447 2749 asinus
2513 2686 2827 2749 catellum
2898 2687 2978 2750 de
3049 2708 3280 2752 mensa
3347 2689 3652 2752 saturari

673 2783 851 2849 videt
898 2783 1090 2866 idque
1139 2784 1395 2858 cotidie,
1443 2792 1655 2850 tamen
1707 2786 1809 2851 hic
1857 2808 1981 2853 non
2029 2790 2155 2852 iam
2204 2790 2269 2854 in
2310 2790 2651 2854 triclinium
2702 2791 2994 2875 irrumpit
3029 2792 3128 2856 vel
3170 2792 3386 2876 potius
3435 2795 3652 2858 irrum-

675 2911 826 2974 pere
885 2898 1116 2975 potest,
1189 2891 1300 2957 sed
1370 2892 1608 2957 domini
1674 2895 2107 2978 amplectendi
2170 2897 2296 2961 non
2343 2897 2520 2980 prius
2567 2897 2971 2963 occasionem
3020 2898 3234 2975 habet,
3309 2920 3497 2982 quam
3545 2901 3653 2965 ille

675 3001 813 3083 ipse
862 3001 926 3063 in
981 3000 1297 3065 stabulum
1359 3002 1756 3087 introierit2).
1853 3002 2058 3070 minus
2106 3010 2170 3068 te
2218 3004 2323 3069 hic
2380 3004 2638 3087 habere,
2712 3004 2883 3087 quod
2948 3005 3267 3088 offendaS,
3341 3026 3531 3089 quam
3588 3008 3652 3071 in

596 3151 603 3156 -
677 3106 923 3171 Galeno
971 3107 1195 3189 negari
1264 3128 1388 3171 non
1437 3114 1669 3192 potest.
1763 3116 2045 3175 attamen
2095 3111 2377 3176 convivii
2418 3112 2530 3175 illa
2584 3112 2982 3196 perturbatio
3031 3133 3278 3177 summa
3327 3113 3649 3179 hilaritate
3695 3158 3702 3162 -

675 3233 1017 3297 conspersa
1093 3217 1454 3279 necessario
1533 3215 1832 3281 excidere
1910 3217 2210 3282 debebat.
2334 3217 2501 3282 idem
2581 3220 2646 3282 in
2726 3218 3005 3303 pedestri
3083 3219 3347 3303 Aesopo·
3415 3218 3651 3303 graeco

672 3319 1162 3404 vituperandum
1241 3327 1358 3403 est,
1438 3321 1585 3387 dico
1673 3325 1736 3387 in
1817 3324 2114 3389 Koraisio
2195 3326 2383 3407 212³,
2480 3326 2585 3406 qui
2677 3328 2922 3390 asinum
3017 3326 3317 3390 catellum
3397 3326 3651 3392 domino

672 3426 926 3491 omnino
978 3448 1098 3491 non
1146 3427 1274 3492 iam
1321 3429 1386 3492 in
1436 3449 1594 3493 cena
1650 3431 1810 3515 ipsa,
1883 3430 1998 3497 sed
2062 3453 2189 3496 non
2256 3433 2378 3496 nisi
2439 3432 2533 3496 illi
2600 3452 2677 3496 ex
2751 3434 2960 3498 alieno
3030 3434 3325 3499 convivio
3394 3434 3650 3500 domum

670 3532 961 3598 redeunti
1028 3536 1519 3605 occursitantem
1577 3539 1961 3620 summisque
2019 3540 2082 3602 in
2142 3538 2388 3604 deliciis
2455 3539 2741 3603 habitum
2811 3540 3133 3605 videntem
3200 3540 3479 3606 induxit:
3525 3541 3649 3606 ’καὶ

670 3640 884 3704 εἴποτε
933 3644 1028 3720 (sc
1075 3640 1391 3722 dominus)
1441 3642 1560 3709 ἔξω
1610 3646 1894 3723 δειπνοίη
1945 3647 2006 3725 (e
2041 3650 2304 3711 δεῖπνον
2337 3645 2504 3723 ειχεν
2538 3666 2678 3710 corr
2712 3647 3050 3728 Halmius),
3077 3647 3330 3726 ἐκόμιζε
3369 3669 3427 3712 τι
3476 3647 3649 3733 αὐτῷ

672 3750 767 3825 (sc
800 3747 1079 3829 catello),
1130 3751 1230 3812 καὶ
1262 3751 1599 3827 προσιόντι
1632 3753 1732 3814 καὶ
1780 3753 2071 3816 σαίνοντι
2118 3754 2498 3832 παρέβαλεν.
2578 3760 2723 3817 sunt
2771 3773 2924 3836 crgo
2973 3753 3101 3818 alia
3149 3754 3213 3817 in
3262 3755 3391 3818 alia
3437 3774 3651 3820 recen-

670 3854 847 3917 sione
893 3854 1319 3939 praeferenda
1366 3862 1478 3920 aut
1523 3856 2070 3940 lmeplehendenda

890 4095 943 4161 1)
976 4094 1127 4148 Rom
1166 4095 1194 4147 Ι
1218 4096 1313 4148 16:
1387 4093 1634 4163 AsinuS,
1690 4113 1826 4151 cum
1876 4096 2151 4166 quotidie
2207 4098 2438 4154 videret
2475 4099 2682 4153 catello
2722 4097 2996 4154 blandiri
3035 4097 3200 4153 domi
3238 4098 3558 4154 dominum
3597 4104 3651 4155 et

671 4182 743 4235 de
779 4198 991 4237 mensa
1029 4183 1307 4237 saturari
1346 4187 1399 4238 et
1432 4182 1749 4253 familiam
1804 4183 1900 4238 illi
1947 4188 2141 4254 plura
2187 4186 2432 4256 laryiri,
2488 4186 2575 4241 sic
2614 4184 2850 4241 dimisse
2886 4188 3119 4257 fertur:
3195 4187 3252 4242 si
3290 4187 3525 4243 animal
3562 4187 3651 4243 in-

669 4269 1151 4326 mundis-simum
1188 4271 1278 4326 sic
1316 4272 1524 4343 diliyit
1562 4272 1848 4329 dominus
1885 4291 2054 4329 meus
2092 4274 2183 4329 ita
2224 4279 2277 4330 et
2312 4273 2583 4346 familia,
2632 4278 2861 4345 quanto
2900 4274 3104 4345 mayis
3141 4293 3251 4346 me,
3310 4276 3366 4331 si
3401 4280 3456 4332 et
3495 4279 3648 4333 obse·

672 4358 885 4428 quium
925 4359 1020 4415 illi
1055 4360 1305 4431 fecero?
1371 4364 1520 4432 plus
1559 4362 1720 4416 enim
1758 4362 1974 4418 melior
2013 4381 2151 4418 sum
2199 4381 2363 4434 cane,
2421 4364 2529 4435 qui
2566 4362 2778 4418 multis
2815 4366 2995 4419 rebus·
3050 4383 3186 4419 sum
3222 4364 3409 4420 utilia.
3485 4384 3651 4437 aqua

671 4465 746 4503 ea:
783 4448 1016 4505 sanctis
1052 4450 1328 4520 fontibus
1366 4453 1515 4521 alor,
1555 4449 1723 4506 cibus
1760 4451 1914 4506 mihi
1951 4456 2222 4508 mundus
2260 4456 2463 4521 datur,
2519 4452 2737 4509 melior
2774 4469 2912 4508 sum
2951 4456 3181 4522 catello,
3220 4454 3467 4510 meliore
3522 4453 3651 4510 vita

664 4553 919 4608 possum
955 4538 1093 4609 frui
1119 4544 1173 4594 et
1209 4541 1553 4595 maximum
1579 4542 1862 4595 honorem
1885 4543 2118 4596 habere.
2159 4559 2296 4598 cum
2321 4544 2466 4597 haec
2492 4541 2712 4597 asinus
2739 4558 2940 4597 secum
2978 4543 3271 4614 coyitaret
3308 4546 3391 4610 (cf
3417 4560 3541 4614 pag
3560 4542 3648 4611 71)

670 4626 826 4682 vidit
864 4627 1182 4684 dominum
1236 4628 1509 4684 introire.
1584 4629 1849 4684 occurrit
1902 4630 2183 4698 velocia-9,
2240 4634 2517 4687 clamans
2547 4631 2845 4700 prosiluit
2882 4635 2935 4686 et
2973 4648 3168 4702 supra
3207 4632 3384 4702 stetit,
3441 4636 3649 4687 levans

662 4717 850 4785 pedes
885 4715 1125 4785 priores
1161 4717 1456 4787 imposuit
1493 4721 1781 4774 ambobus
1819 4718 2088 4774 humeris
2129 4719 2392 4783 domino,
2428 4719 2643 4791 linqua
2671 4737 2806 4775 eum
2827 4720 3065 4789 linyens
3092 4720 3233 4775 linit
3252 4725 3307 4775 et
3328 4723 3650 4777 maculans

669 4808 888 4861 vestem
924 4805 1155 4878 fatiyat
1192 4807 1511 4863 dominum
1548 4811 1816 4877 pondere
1843 4825 1967 4863 su0.
2008 4811 2270 4865 clamore
2290 4813 2492 4864 autem
2525 4809 2760 4865 domini
2788 4810 3128 4865 concitatur
3155 4809 3354 4867 omnis
3381 4809 3648 4882 familia.

668 4895 862 4964 fustes
900 4895 1217 4965 arripiunt
1254 4899 1308 4951 et
1345 4896 1603 4966 lapides
1680 4896 1928 4952 asinum
1982 4897 2232 4968 faciunt
2277 4898 2532 4954 debilem
2581 4897 2867 4953 membris
2905 4899 3201 4970 costisque
3256 4899 3497 4971 fractis.
3559 4898 3648 4954 sic

670 4983 946 5039 abiciunt
983 4989 1067 5041 ad
1098 4986 1474 5056 praesaepia
1515 4989 1749 5046 lassum
1788 4990 1968 5058 atque
2009 4987 2386 5043 semivivum.

894 5076 949 5139 2)
988 5074 1238 5129 Asinum
1279 5078 1340 5129 in
1380 5077 1618 5130 stabulo
1677 5083 1853 5144 stare,
1912 5079 2142 5130 etiamsi
2182 5079 2484 5146 expressis
2529 5079 2732 5132 verbis
2772 5094 2892 5132 non
2932 5081 3210 5147 refertur,
3267 5085 3471 5134 tamen
3508 5081 3651 5133 inde

671 5164 1158 5218 concludendum
1200 5170 1306 5232 est,
1372 5166 1536 5234 quod
1573 5166 1673 5219 ille
1711 5166 1774 5217 in
1814 5167 1939 5219 fine
1976 5167 2238 5219 fabellae
2284 5168 2367 5220 ad
2397 5165 2772 5235 praesaepia
2829 5166 3106 5222 abicitur.
3185 5169 3243 5221 cs
3299 5169 3478 5223 etiam
3517 5168 3648 5221 Luc

669 5252 903 5306 Miillcri
940 5253 1201 5308 Phaedri
1239 5255 1385 5308 fabb
1424 5270 1546 5308 nov
1585 5256 1634 5321 3,
1684 5256 1768 5307 lO:
1808 5252 2067 5308 intravit
2103 5256 2410 5310 stabulum
2448 5254 2751 5311 domiuus.
