4234 6017
2084 450 2437 518 ..fl-2

768 636 954 721 χάριν
1019 637 1447 719 ἐπηγγέλλετο
1506 640 1799 724 qratiam
1860 644 2209 726 repremit·
2321 665 2361 709 v
2394 646 2476 710 8:
2526 645 2711 724 χάριν
2757 648 2919 711 τίσω

770 751 946 815 tebat

771 857 937 920 λέων
983 858 1193 933 γελῶν
1241 855 1340 918 leo
1389 855 1620 918 ridens
2279 879 2357 922 -v
2390 859 2474 923 92
2521 860 2805 940 γέλάσας
2856 861 2912 926 δ’
2962 863 2999 928 ὁ
3048 866 3166 945 θὴρ

769 963 860 1040 εἰς
910 963 1114 1042 δεσμὰ
1182 962 1434 1041 βληθεὶς
1499 963 1571 1025 in
1634 962 1922 1026 vinculis
1989 962 2207 1042 (male)
2317 986 2357 1030 v
2395 968 2520 1032 10:
2570 968 2921 1049 ἑδεσμεύθη

768 1071 1013 1134 missus
1060 1068 1358 1149 (vincula
1406 1069 1744 1147 πεμφθεὶς)

766 1175 1246 1240 ἀνταποδοῦναι
1292 1175 1408 1253 τὴν
1456 1174 1642 1253 χάριν
1688 1175 2007 1254 ἠθέλησεν
2320 1200 2357 1243 v
2395 1181 2520 1244 142
2568 1182 2725 1261 δοὺς
2774 1186 3006 1263 μισθὸν

764 1284 1115 1348 restituere
1180 1282 1357 1346 leoni
1410 1282 1706 1366 qratiam
1764 1282 1975 1347 voluit
2029 1285 2207 1363 (red-

767 1393 924 1455 dere
970 1389 1224 1468 ἤθελεν)

978 1514 1118 1581 Nec
1165 1514 1372 1578 minus
1419 1511 1809 1598 discrepant,
1858 1512 2030 1596 quod
2080 1515 2339 1595 quidem
2387 1517 2471 1583 ad
2519 1530 2964 1605 argumentum
3000 1528 3251 1611 attinet,
3306 1530 3638 1600 Phaedrus
3686 1542 3749 1601 et

763 1619 1072 1686 Romulus
1104 1642 1145 1685 a
1175 1618 1621 1686 Ps-Dositheo.
1664 1641 1814 1684 nam
1844 1620 2112 1704 primum
2140 1622 2398 1705 quidem
2425 1627 2488 1689 in
2526 1627 2825 1694 Phaedro
2859 1637 2924 1696 et
2957 1632 3226 1701 Romulo
3247 1657 3373 1702 non
3407 1659 3565 1706 unus
3588 1662 3748 1726 mue,

762 1726 878 1792 sed
927 1726 1283 1811 complures
1331 1727 1566 1793 circum
1615 1726 1862 1792 leonem
1907 1724 2204 1795 ludentes
2261 1729 2671 1817 inducuntur,
2721 1744 2757 1800 e
2823 1738 3052 1819 quibus
3099 1747 3314 1808 tamen
3362 1765 3521 1813 unus
3570 1756 3638 1812 ut
3684 1751 3749 1814 in

765 1835 1070 1919 magistro
1137 1841 1204 1899 et
1266 1834 1520 1899 omnino
1585 1834 1652 1898 in
1711 1834 1942 1899 ceteris
1991 1836 2455 1929 variationibus
2507 1839 2757 1906 leonem
2805 1864 2840 1908 e
2888 1865 3109 1913 somno
3156 1850 3420 1917 excitat.
3514 1854 3750 1922 deinde

769 1962 920 2025 mus,
973 1946 1309 2027 postquam
1357 1962 1397 2006 a
1442 1941 1626 2007 leone
1673 1945 1963 2026 arreptus
2011 1949 2129 2025 est,
2195 1964 2321 2010 non
2368 1951 2437 2009 ut
2484 1945 2549 2011 in
2596 1950 2902 2031 magistro
2938 1955 3295 2038 ceterisque
3342 1958 3564 2027 formis
3613 1984 3750 2046 pro-

762 2049 959 2114 mittit
1004 2069 1073 2114 se
1119 2048 1212 2114 illi
1278 2047 1555 2132 gratiam
1613 2048 1957 2113 relaturum
2021 2069 2183 2133 esse,
2249 2051 2303 2116 si
2360 2050 2736 2121 dimittatur.
2830 2057 2932 2123 leo
2999 2059 3274 2143 deniquo
3342 2067 3403 2130 in
3453 2068 3747 2135 Phaedro

761 2163 825 2236 et
871 2155 1143 2221 Romulo
1190 2176 1319 2221 non
1365 2155 1569 2221 solum
1618 2155 1892 2222 vinculis
1941 2156 2045 2222 vel
2090 2157 2355 2241 retibus,
2405 2158 2520 2224 sed
2568 2162 2763 2227 etiam
2812 2165 3075 2250 insuper
3125 2170 3317 2235 fovea
3364 2175 3635 2258 capitur.

976 2261 1114 2339 Quo
1161 2263 1369 2345 magis
1414 2263 1640 2328 mirum
1687 2268 1805 2345 est,
1853 2262 2024 2345 quod
2072 2268 2287 2329 tamen
2334 2267 2673 2333 nonnullae
2719 2272 3054 2338 verborum
3088 2276 3536 2346 similitudines
3580 2284 3747 2349 inter

760 2369 1250 2437 Ps-Dositheum
1299 2380 1364 2435 et
1410 2367 1775 2435 Phaedrum
1822 2375 1888 2434 et
1932 2369 2243 2436 Romulus
2291 2369 2733 2441 intercedunt:

909 2583 1219 2652 Phaedr
1267 2583 1576 2666 (Adem)
1596 2585 2036 2663 ÷R0mul¹)
2880 2595 3179 2665 Ps-Dos

757 2692 1126 2757 dormiente
1168 2692 1351 2757 leone
1379 2740 1395 2756 .
1424 2740 1440 2756 .
1469 2739 1484 2756 .
1511 2712 1661 2755 mus
1700 2712 1906 2775 super
1937 2694 2194 2757 leonem
2303 2696 2424 2772 μῦς
2490 2694 2710 2761 ἐπάνω
2769 2699 3033 2780 λέοντος
3104 2708 3501 2786 κοιμωμένου
3584 2712 3740 2793 ἐφή-

761 2847 776 2863 .
806 2847 822 2864 .
849 2847 866 2863 .
887 2800 1191 2879 transiit3
1226 2796 1425 2862 distat
1452 2797 1616 2862 Rom
1648 2797 1822 2861 Burn
1845 2799 2195 2863 transiluit
2305 2802 2462 2864 λατο
2517 2825 2666 2868 mus
2724 2827 2929 2890 super
2987 2811 3240 2877 leonem
3298 2817 3738 2884 dormientem

757 2905 1073 2970 Wissemb
2223 2963 2228 2966 .
2302 2907 2566 2972 insiluit

755 3014 871 3077 ille
918 3013 1198 3096 roqabat
1243 3012 1509 3075 veniam
2302 3012 2548 3093 ἐκεῖνος
2597 3017 2667 3079 δὲ
2700 3021 3090 3102 συγγνώμην
3128 3026 3414 3109 ᾐτήσατο
3460 3032 3575 3095 ille
3622 3054 3739 3098 au-

2303 3127 2433 3184 tem
2479 3125 2741 3189 veniam
2784 3127 3068 3212 peti<i>t

754 3227 1009 3292 dimisit
2301 3224 2627 3294 ἀπέλυσεν
2688 3231 2888 3299 αὐτὸν
2953 3236 3209 3304 dimisit
3274 3263 3424 3307 eum
3465 3248 3567 3325 (=
3603 3247 3740 3311 Kor

2301 3354 2431 3416 pag
2455 3335 2612 3417 373)
2947 3393 2954 3402 .

743 3447 899 3524 post
940 3461 1199 3526 paucos
1247 3442 1391 3505 dies
2301 3441 2435 3520 μετ’
2470 3443 2546 3507 οὐ
2581 3447 2748 3511 πολὺ
2778 3449 2853 3511 ’δὲ
2898 3452 3016 3516 sed
3043 3451 3333 3538 (paulo)
3370 3468 3529 3540 post
3563 3461 3738 3544 (post

2300 3552 2633 3616 modicum
2681 3553 2811 3632 μετ’
2863 3556 3111 3638 ὀλίγον)
3160 3561 3253 3639 (cf
3281 3562 3417 3627 Kor
3447 3585 3581 3649 pag
3605 3567 3735 3632 373

2310 3687 2377 3710 =
2407 3660 2564 3740 217)
3513 3725 3520 3732 .

752 3748 1025 3827 captum
1070 3764 1139 3807 82
1186 3751 1261 3808 ut
1307 3745 1573 3830 aynovit
2300 3766 2428 3830 ὑπὸ
2493 3772 2790 3848 κυνηγῶν
2861 3774 3127 3853 ληφθεὶς
3197 3796 3242 3840 a
3308 3781 3737 3846 venatoribus

740 3868 988 3932 parem
1033 3852 1329 3934 qratiam
1376 3852 1495 3916 tibi
1556 3852 1840 3916 reddam
1889 3873 2022 3916 non
2067 3854 2162 3918 im
2299 3882 2540 3959 captug

748 3975 1003 4019 memffl'
1051 3956 1349 4041 beneficii
2298 3980 2445 4046 τότε
2491 3982 2529 4045 ὁ
2589 3987 2709 4062 μῦς
2767 3988 3069 4065 μνησθεὶς
3117 3986 3597 4058 ἀνταποδοῦναι
3643 3999 3734 4081 τῷ

2300 4086 2512 4152 λέοντι
2577 4090 2692 4168 τὴν
2757 4091 2943 4172 χάριν
2998 4094 3314 4174 ἠθέλησεν
3367 4107 3523 4165 tunc
3583 4124 3735 4167 mus

2295 4194 2648 4260 restituere
2707 4198 2885 4263 leoni
2937 4203 3232 4285 qratiam
3296 4207 3507 4272 voluit
3564 4209 3733 4288 (tum

2299 4321 2446 4365 mus
2513 4323 2767 4367 memor
2833 4307 3116 4373 reddere
3191 4314 3488 4397 qratiam
3557 4315 3735 4381 leoni

2293 4408 2505 4473 voluit
2531 4457 2546 4474 .
2576 4457 2592 4474 .
2621 4459 2638 4475 .
2663 4408 3093 4492 ἀναμνησθεὶς
3121 4463 3136 4479 .
3162 4464 3177 4480 .
3199 4467 3216 4484 .
3242 4417 3493 4499 ἤθελεν)

747 4489 1048 4574 θθθηθυὶΐ
1095 4488 1244 4553 ἶθθα
1292 4489 1597 4555 mdemla
2294 4514 2563 4593 τρώγων
2609 4517 2687 4581 τὰ
2719 4519 2974 4597 σχοίνια
3005 4524 3249 4589 rodens
3274 4526 3480 4612 funes
3512 4526 3726 4611 (δκα>

2292 4622 2587 4703 τρώγων)
3707 4673 3712 4676 -

744 4702 997 4768 leonem
1043 4705 1327 4770 liberum·
1370 4705 1559 4769 SilviS
1602 4708 1897 4780 restituit
2292 4729 2742 4810 ἠλευθέρωσεν
2800 4733 2917 4798 τὸν
2948 4735 3196 4801 λέοντα
3245 4738 3554 4806 liberavit
3602 4742 3730 4806 leo·

2291 4857 2442 4901 nem
2487 4840 2637 4903 leon
2684 4840 2774 4903 lib
2807 4841 2922 4905 τὸν
2971 4842 3159 4909 λέοντ
3202 4844 3425 4931 ἠλευθ)

956 5057 1012 5125 1)
1049 5056 1120 5111 In
1166 5060 1282 5112 hac
1338 5061 1560 5115 fabella
1618 5062 1876 5117 Phaedri
1935 5065 2177 5134 propria
2215 5082 2252 5119 a
2289 5067 2597 5122 Romuleis
2652 5070 2888 5123 secerni
2947 5085 3070 5124 non
3133 5078 3403 5141 possunt,
3461 5075 3604 5143 quia
3661 5083 3720 5130 et

740 5145 1054 5201 Phaedrus
1091 5148 1219 5216 ipse
1257 5148 1481 5202 iniuria
1519 5159 1856 5221 temporum
1914 5154 2092 5222 periit
2133 5160 2193 5208 et
2230 5153 2587 5222 Ademarus,
2647 5159 2749 5226 qui
2792 5158 3138 5214 Phaedrum
3178 5161 3558 5231 deperditum
3601 5179 3724 5218 am-

740 5235 1035 5305 plectitur,
1065 5250 1199 5290 cum
1239 5235 1494 5291 Romulo
1532 5240 1900 5296 verbotenus
1940 5244 2068 5296 fere
2109 5245 2412 5313 congruit.
3393 5271 3396 5276 ·

3264 5340 3300 5392 2
