4234 6017
2142 418 2488 481 ως)...

829 607 1002 661 αὑτὸν
1041 607 1360 672 εἰσαγαγὼν
1400 611 1666 675 παρεῖχεν
1704 605 2034 671 εὐωχεῖσθαι
2091 612 2264 660 τοῦτο
2369 606 2735 675 praestabat
2773 603 3019 675 epulari
3055 605 3283 674 ha<n>c
3322 605 3376 662 et
3414 606 3660 680 quidem
3687 625 3816 666 car-

830 700 933 764 μὲν
961 703 1141 765 κρεῶν
1180 699 1577 763 παντοδαπῶν,
1614 701 1786 749 τοῦτο
1827 698 1885 748 δὲ
1916 697 2144 764 ἰχθύων,
2185 698 2264 750 ἔτι
2373 693 2549 749 nium
2589 695 2863 749 omnium
2903 693 3335 762 diversitatem,
3389 697 3574 753 etiam
3635 703 3690 753 et
3724 701 3815 770 pi-

829 789 889 840 δὲ
946 790 1036 840 καὶ
1092 788 1477 839 πλακούντων.
1537 787 1597 838 ἐν
1636 788 1682 855 ᾧ
1731 788 1791 839 δέ
1847 787 1988 851 πρὸς
2041 787 2265 847 τούτοις
2373 783 2584 852 scium,
2613 783 3435 853 <in>superetplacentarum
3456 787 3818 848 dulciorum.

829 877 991 942 ἦσαν,
1048 877 1084 941 ἡ
1123 881 1424 940 ταμιοῠχος
1480 877 1824 940 ἐπεισῆλθεν,
1887 877 1976 927 καί
2031 875 2273 937 τούτους
2313 890 2362 926 10
2379 872 2446 926 in
2464 887 2582 940 quo
2612 876 2813 927 autem
2844 876 2928 927 ad
2968 890 3064 928 eos
3091 876 3281 940 erant,
3318 875 3570 931 cellaria
3605 877 3817 933 introi-

827 967 954 1029 δέος
990 983 1052 1018 τε
1092 968 1180 1018 καὶ
1219 967 1372 1030 φυγὴ
1414 966 1840 1030 καταλαμβάνει.
1903 966 1992 1015 καὶ
2032 965 2062 1015 ὁ
2102 963 2266 1029 ἀρου-
2375 961 2479 1030 vit,
2518 964 2572 1015 et
2608 978 2709 1016 eos
2730 960 3058 1017 necessitas
3083 967 3137 1017 et
3158 965 3316 1035 fuya
3344 966 3816 1034 comprehendit.

831 1062 988 1122 ραῑος
1025 1057 1164 1120 πρὸς
1200 1056 1302 1106 τὸν
1343 1055 1605 1108 ἀστικόν·
1666 1056 1733 1106 σὺ
1783 1054 1898 1119 μὲν,
1952 1053 2082 1119 ἔφη,
2139 1054 2267 1104 ταύ-
2378 1053 2430 1105 et
2467 1049 2746 1106 silvester
2781 1053 2864 1106 ad
2907 1053 3249 1106 urbanum:
3308 1055 3392 1120 tu,
3450 1053 3670 1124 inquit,
3715 1074 3817 1111 eas

831 1161 933 1210 της
972 1145 1219 1197 ἀπόλαυε
1256 1147 1356 1208 τῆς
1384 1147 1602 1210 τροφῆς
1629 1143 1766 1206 μετὰ
1793 1143 2089 1194 τοσούτων
2118 1142 2269 1193 ἐδεσ-
2376 1141 2587 1210 fruere
2626 1139 3005 1209 epulationes
3051 1158 3185 1195 cum
3242 1140 3429 1196 tantis
3486 1143 3651 1212 cibis,
3711 1162 3816 1215 690

832 1233 1038 1299 μάτων,
1098 1234 1209 1295 ἐγὼ
1268 1235 1329 1286 δὲ
1376 1233 1551 1300 χαίρω
1612 1238 1684 1299 τῇ
1744 1232 1881 1295 μετὰ
1938 1230 2126 1294 ἀδείας
2181 1232 2269 1282 καὶ
2379 1232 2581 1283 autem
2617 1230 2854 1299 qaudeo
2891 1232 3086 1285 soluto
3124 1232 3178 1285 et
3215 1228 3401 1285 libero
3440 1230 3584 1287 cib0.

828 1321 1141 1387 ἐλευθερίας
1177 1328 1385 1389 τροφῇ.

826 1429 948 1496 2sq
986 1443 1142 1500 quae
1179 1425 1248 1480 in
1287 1444 1433 1482 rure
1472 1430 1647 1482 erant
1688 1428 1761 1480 τὰ
1798 1428 1857 1480 ἐν
1896 1429 2049 1494 ἀγρῷ
2090 1428 2228 1478 ὄντα
2255 1425 2302 1478 Ρ
2329 1426 2540 1478 melius
2567 1425 2590 1492 ΙΙ
2616 1426 2648 1478 4
2675 1441 2743 1494 sq
2765 1428 3195 1494 paupertatem
3220 1429 3690 1495 reprehendebat
3716 1431 3763 1484 P
3799 1429 3818 1502 ll

829 1518 896 1570 10
934 1518 1199 1586 dumque
1235 1516 1304 1570 in
1353 1516 1451 1571 his
1491 1517 1536 1569 P
1562 1517 1585 1584 ΙΙ
1611 1513 1935 1570 cellararia
1974 1515 2018 1568 P
2057 1513 2074 1585 ΙΙ
2117 1515 2182 1567 12
2203 1531 2273 1583 sq
2319 1512 2416 1568 his
2454 1515 2665 1584 fruere
2703 1513 2942 1569 deliciis
2981 1515 3026 1567 P
3075 1515 3098 1583 ΙΙ
3149 1516 3218 1569 13
3258 1516 3478 1570 desunt
3513 1525 3716 1573 cetera
3754 1522 3812 1573 in

824 1607 871 1660 P
912 1609 977 1661 cf
1007 1607 1216 1661 Bouch
1256 1622 1380 1675 pag
1405 1606 1528 1660 525.

1956 1797 2230 1853 Phaedr
2257 1822 2321 1845 =
2345 1796 2563 1853 Adem
2599 1794 2676 1854 13

828 1926 1110 1995 Hospitio
1149 1927 1463 1997 quondam
1500 1941 1638 1978 mus
1673 1925 1952 1979 urbanus
1979 1926 2265 1993 exceptus
2292 1926 2377 1979 est
2402 1921 2623 1978 rustici
2661 1926 2715 1977 et
2739 1923 2963 1978 humili
2988 1925 3215 1995 ‚qlande
3243 1925 3528 1981 coenavit.
3566 1944 3816 1983 causam

820 2015 1098 2087 perfecit.
1131 2012 1436 2084 perduocit
1467 2011 1757 2083 precibus
1793 2017 1930 2082 post
1968 2011 2036 2067 in
2076 2015 2287 2067 urbem
2326 2011 2628 2067 rusticum
2667 2014 2996 2083 cellamque
3034 2012 3292 2068 intravit
3320 2013 3595 2083 plurimo
3632 2019 3817 2088 refer-

826 2109 954 2160 tam
992 2104 1138 2160 cibo.
1214 2103 1282 2157 in
1321 2120 1446 2174 qua
1497 2118 1634 2155 cum
1672 2100 1870 2156 variis
1902 2101 2284 2172 perfruitur,
2342 2101 2558 2156 hostiis
2612 2100 2936 2156 cellarario
2993 2102 3280 2172 repulsis,
3336 2106 3615 2159 urbanus
3670 2110 3815 2161 nota

825 2193 1008 2265 facile
1064 2210 1125 2249 se
1183 2189 1500 2248 abscondit
1555 2207 1835 2245 caverna.
1909 2194 1973 2245 at
2030 2190 2219 2246 miser
2276 2190 2546 2245 rusticus
2602 2190 2815 2262 iqnota
2877 2190 3154 2261 trepidat
3192 2194 3387 2261 domo,
3445 2197 3816 2265 mortemque

828 2287 1097 2338 metuens
1135 2282 1300 2337 circa
1341 2279 1614 2350 parietes
1652 2278 1928 2334 cursitat.
1976 2279 2373 2335 'cellararius
2431 2296 2585 2350 quae
2641 2278 2834 2334 voluit
2890 2280 3162 2348 sustulit,
3220 2281 3558 2353 clausitque
3615 2282 3818 2339 limen.

829 2372 1050 2427 iterum
1086 2373 1364 2426 urbanus
1399 2368 1697 2423 rusticam
1735 2369 1819 2422 ad
1881 2385 2078 2424 escam
2141 2370 2441 2424 hortatur.
2497 2372 2580 2423 at
2620 2366 2747 2423 ille:
2804 2367 2910 2423 vioe
2957 2385 3218 2438 possum
3256 2400 3327 2410 —
3365 2373 3544 2426 valde
3588 2375 3818 2441 perter-

828 2459 990 2515 ritus
1031 2490 1090 2499 —
1126 2462 1396 2529 putasne
1434 2456 1629 2513 veniet
1668 2456 1813 2512 ille?
1871 2460 2112 2513 tantum
2150 2475 2289 2530 erqo
2316 2462 2587 2512 metuens
2634 2457 2738 2512 ait.
2768 2488 2828 2496 —-
2860 2460 3029 2514 haud
3054 2460 3166 2534 has
3195 2462 3261 2513 tu
3285 2459 3515 2528 poteris
3541 2459 3817 2516 invenire

832 2548 1099 2604 delicias.
1139 2579 1206 2588 ——
1247 2548 1346 2603 cui
1370 2546 1715 2617 respondit:
1755 2563 1849 2601 me
1888 2549 2071 2619 qlans
2110 2564 2392 2603 securam
2420 2552 2642 2617 pascat
2682 2551 2737 2601 et
2777 2546 3050 2603 liberam.
3091 2579 3156 2586 —
3196 2546 3345 2618 quia
3381 2539 3598 2604 melius
3637 2553 3723 2604 est
3747 2550 3816 2604 in

827 2640 1269 2708 paupertatula
1306 2653 1423 2692 sua
1461 2652 1661 2691 secum
1698 2634 1914 2702 vivere,
1954 2652 2142 2706 quam
2180 2635 2547 2692 divitiarum
2586 2635 2764 2707 carpi
2801 2636 3233 2693 sollicitudine.

2036 2810 2206 2866 Rom
2244 2809 2431 2866 Burn
2469 2809 2498 2865 Ι
2525 2809 2619 2866 12.

831 2941 975 2996 Mus
1029 2941 1308 2994 urbanus
1367 2937 1482 2992 iter
1537 2938 1751 3007 aqebat
1809 2935 2014 3007 sicque
2071 2936 2340 3007 hospitio
2396 2939 2709 3006 susceptus
2765 2940 2867 2992 est.
2926 2941 3186 3008 roqatur
3241 2956 3279 2993 a
3334 2957 3506 2996 mure
3562 2941 3816 3013 aqrario

825 3030 895 3085 in
933 3028 1351 3101 qualicunque
1391 3025 1557 3081 brevi
1595 3028 1832 3095 casella,
1870 3029 2159 3096 ,qlandem
2206 3030 2261 3081 et
2304 3029 2596 3082 hordeum
2635 3026 2925 3082 exhibuit.
3000 3026 3090 3082 ita
3141 3013 3520 3099 factumest.
3596 3031 3816 3086 deinde

826 3135 965 3175 mus
1022 3120 1301 3172 urbanus
1355 3115 1599 3170 rediens
1654 3133 1890 3171 murem
1950 3115 2278 3186 aqi-arium
2333 3119 2590 3187 roqabat
2645 3115 2851 3171 venire
2908 3133 3124 3171 secum.
3201 3120 3380 3188 atque
3434 3119 3525 3174 ita
3579 3121 3815 3190 factum

826 3213 930 3277 est,
987 3211 1057 3263 ut
1094 3206 1283 3263 simul
1332 3204 1622 3260 venirent.
1676 3204 2116 3276 inqrediuntur
2161 3210 2426 3261 onestam
2490 3208 2754 3273 domum,
2818 3207 2885 3261 in
2943 3223 3071 3277 qua
3129 3209 3259 3261 erat
3293 3206 3441 3262 -illis
3498 3209 3816 3264 cellarium

832 3296 1116 3353 omnibus
1154 3293 1329 3350 bonis
1361 3296 1635 3364 plenum.
1691 3312 1828 3351 cum
1855 3298 2001 3351 haec
2039 3312 2177 3351 mus
2213 3294 2380 3351 muri
2420 3297 2774 3363 ostenderet,
2812 3294 2898 3351 sic
2938 3295 3055 3350 ait:
3092 3298 3304 3367 fruere
3340 3313 3572 3352 mecum
3610 3297 3818 3365 amice,

829 3403 982 3457 quae
1039 3385 1214 3440 nobis
1255 3382 1527 3455 quotidie
1583 3387 1897 3453 superant.
1972 3402 2226 3455 cumque
2282 3384 2493 3439 multis
2554 3383 2807 3440 cibariis
2862 3387 3191 3454 uterentur,
3254 3385 3415 3441 venit
3466 3386 3818 3442 cellerarius

828 3474 1136 3546 festinans
1177 3475 1229 3526 et
1267 3472 1492 3527 ostium
1531 3472 1771 3528 cellarii
1808 3472 2081 3543 impulit.
2155 3490 2360 3529 mures
2403 3472 2665 3542 strepitu
2711 3472 2913 3527 territi
2948 3476 3171 3543 fuqam
3199 3491 3318 3543 per
3356 3474 3600 3530 diversa
3631 3476 3816 3545 petie-

829 3568 993 3619 runt.
1067 3579 1204 3618 mus
1242 3564 1520 3616 urbanus
1557 3562 1720 3616 notis
1759 3561 2040 3618 cavernis
2078 3561 2195 3617 cito
2246 3578 2308 3616 se
2360 3561 2690 3617 abscondit.
2770 3565 2834 3615 at
2882 3561 3071 3616 miser
3125 3562 3438 3632 aqrarius
3479 3563 3648 3633 fuqit
3696 3581 3817 3633 per

826 3652 1096 3722 parietes
1134 3651 1398 3722 iqnarus
1425 3654 1665 3721 putans
1702 3667 1763 3707 se
1802 3653 1986 3707 morti
2022 3649 2398 3720 proximum.
2465 3653 2528 3705 at
2566 3649 2671 3705 ubi
2709 3648 2860 3704 exiit
2898 3649 3250 3705 cellerarius
3292 3654 3343 3705 et
3382 3654 3629 3707 domum
3656 3655 3814 3707 clau-

827 3741 1069 3811 sit,·sic
1123 3758 1261 3795 mus
1323 3742 1601 3796 urbanus
1658 3741 1912 3814 aqrario
1968 3741 2168 3797 dixit:
2244 3739 2399 3811 quid
2455 3744 2508 3794 te
2547 3739 2809 3795 turbasti
2856 3739 3200 3810 fuqiendo?
3272 3742 3570 3810 fruamur
3625 3743 3815 3797 amice

828 3830 965 3886 istis
1003 3829 1194 3898 bonis,
1247 3827 1405 3883 nihil
1458 3829 1730 3885 verearis
1786 3847 1893 3885 nec
1949 3830 2181 3884 timeas.
2269 3829 2388 3905 ille>
2426 3828 2721 3900 ayrarius
2777 3846 2805 3882 e
2861 3832 3110 3884 contra:
3195 3832 3261 3883 tu
3308 3831 3534 3900 fruere,
3593 3829 3812 3902 inquit,

826 3920 961 3976 istis
1012 3919 1308 3987 omnibuS,
1368 3919 1476 3989 qui
1531 3935 1639 3973 nee
1693 3918 1866 3974 times
1914 3935 2020 3973 nec
2070 3918 2356 3988 pavescis
2411 3934 2520 3972 nee
2582 3921 2635 3972 te
2697 3918 2961 3973 turbatio
3014 3916 3379 3988 quotidiana
3437 3921 3631 3973 terret.
3708 3938 3813 3990 eqo

825 4027 964 4065 vero
1000 4011 1194 4081 fruar
1231 4009 1407 4065 bonis
1446 4008 1514 4065 in
1553 4025 1721 4080 aqro,
1775 4007 1880 4063 ubi
1919 4024 2279 4079 quocunque
2337 4009 2490 4062 letus
2546 4009 2755 4062 nullus
2809 4023 2902 4061 me
2957 4010 3139 4062 terret
3193 4006 3392 4077 timor,
3454 4011 3628 4063 nulla
3682 4026 3813 4078 per-

825 4098 1092 4155 turbatio
1130 4093 1427 4169 corporis.

2137 4272 2320 4330 Babr
2357 4271 2484 4333 108

826 4407 1007 4460 Μυῶν
1045 4405 1076 4457 ὃ
1116 4405 1216 4470 μέν
1248 4420 1332 4466 τις
1371 4402 1489 4468 βίον
1528 4404 1674 4468 ἔχων
1713 4404 2016 4470 ἀρουραῖον
2369 4407 2480 4454 ποῦ
2521 4401 2569 4454 δ’
2609 4400 2861 4467 ὀσπρίων
2900 4401 2971 4465 ῆν
3009 4402 3193 4467 σωρὸς
3230 4402 3265 4468 ἢ
3304 4401 3458 4455 πίθοι
3494 4404 3683 4457 σύκων

822 4495 853 4547 ὃ
893 4494 940 4548 δ’
981 4495 1042 4547 ἐν
1076 4493 1323 4560 ταμείοις
1359 4493 1672 4546 πλουσίοισι
1709 4493 1993 4559 φωλεύων
2372 4492 2607 4557 στάμνοι
2642 4507 2706 4544 τε
2746 4491 2963 4557 μέλιτος
3000 4489 3249 4557 σώρακοί
3277 4507 3338 4544 τε
3378 4491 3668 4557 φοινίκων.

826 4585 1023 4636 ἔθεντο
1061 4584 1250 4637 κοινὸν
1290 4584 1393 4636 τὸν
1434 4582 1552 4647 βίον
1588 4584 1730 4649 πρὸς
1767 4582 2058 4648 ἀλλήλους.
2371 4582 2403 4633 ὃ
2442 4582 2490 4633 δ’
2531 4582 2608 4644 ὡς
2645 4581 2890 4647 ἐτέρφθη
2929 4584 3064 4633 πᾶσι
3100 4582 3189 4632 καὶ
3226 4581 3577 4647 παρωρμήθη

825 4673 858 4723 ό
896 4671 942 4724 δ’
981 4672 1259 4736 οἰκόσιτος
1295 4672 1570 4739 πρότερος
1606 4673 1740 4738 ἦλθε
1779 4672 2099 4739 δειπνήσων
2372 4673 2463 4723 καὶ
2499 4671 2672 4736 τυρὸν
2710 4671 2846 4735 ἦγεν
2876 4669 2936 4721 ἐκ
2976 4668 3264 4722 κανισκίου
3304 4670 3512 4737 σύρων,

825 4760 916 4813 ἐπὶ
955 4765 1059 4827 τῆς
1094 4762 1339 4828 ἀρούρης
1376 4762 1503 4827 ἄρτι
1539 4762 1761 4828 χλωρὸν
1798 4762 2102 4827 ἀνθούσης·
2373 4760 2583 4828 ἀνέῳξε
2619 4760 2725 4824 τὴν
2762 4760 2941 4824 θύρην
2978 4771 3086 4821 τις“
3127 4758 3158 4810 ὃ
3199 4757 3247 4810 δ’
3287 4758 3661 4826 ἀποπηδήσας

827 4849 1066 4915 τρώγων
1106 4848 1154 4901 δ’
1193 4849 1389 4915 ἀραιὰς
1428 4852 1516 4902 καὶ
1558 4850 1886 4917 διαβρόχους
1923 4849 2083 4903 σίτου
2376 4855 2596 4912 στεινῆς
2634 4849 2840 4915 ἔφευγε
2882 4848 3062 4911 δειλὸς
3099 4848 3155 4911 ἐς
3193 4849 3367 4912 μυχὸν
3405 4850 3678 4915 τρώγλης,

825 4938 977 5004 ῥίζας
1014 4936 1242 5005 μελαίνῃ
1282 4940 1753 5007 συμπεφυρμένας
1794 4941 1959 5008 βώλῳ
2377 4939 2564 5004 ἄσημα
2602 4937 2805 5003 τρίζων
2841 4937 2943 4990 τόν
2980 4953 3043 4990 τε
3080 4937 3351 5003 πρόξενον
3390 4937 3610 5002 θλίβων.

822 5026 1182 5095 ,,μύρμηκος“
1221 5028 1344 5080 εἶπε
1385 5031 1513 5097 ,Ζῆς
1553 5028 1671 5093 βίον
1707 5030 2087 5096 ταλαιπώρου,
2370 5027 2564 5093 μικρὸν
2603 5025 2649 5078 δ’
2690 5027 2952 5093 ἐπισχὼν,
2992 5028 3093 5079 εἶτ’
3136 5028 3347 5079 ἔσωθεν
3386 5027 3633 5091 ἐκκύψας

824 5119 885 5170 ἐν
921 5116 1198 5181 πυθμέσιν
1233 5119 1337 5182 γῆς
1373 5117 1570 5183 κρίμνα
1608 5119 1784 5171 λεπτὰ
1824 5120 2168 5186 βιβρωσκων,
2370 5117 2575 5181 ψαύειν
2613 5116 2839 5179 ἔμελλεν
2878 5115 3101 5180 ἰσχάδος
3137 5115 3489 5182 Καμειραίης·

823 5211 943 5274 ἐμοὶ
984 5207 1030 5259 δ’
1070 5207 1303 5272 ὑπάρχει
1340 5209 1519 5261 πολλὰ
1557 5211 1646 5261 καὶ
1686 5210 2026 5274 περισσεύει·
2372 5207 2564 5271 ἕτερος
2604 5205 2651 5255 δ’
2691 5206 2933 5271 ἐπῆλθεν
2970 5207 3103 5258 ἄλλο
3134 5223 3185 5259 τι
3222 5205 3609 5273 προαιρήσων·
