4234 6017
1936 457 2284 523 -30—

621 669 795 735 certe
841 681 956 753 per
1002 659 1695 755 totam-'antiquitatem
1746 661 2148 746 divulgatum
2197 663 2339 745 fuit,
2389 668 2458 728 ut
2506 662 2648 728 Plin
2693 670 2807 729 nat
2854 663 2981 729 hist
3011 657 3076 729 X
3107 663 3194 729 43
3228 665 3401 747 (60),
3431 659 3598 732 ·P1ut

614 776 702 842 »de
749 775 868 842 son
933 795 1015 840 an
1079 793 1212 858 pag
1259 772 1385 837 967
1415 793 1476 852 a,
1532 770 1666 835 *Aei
1735 790 1818 835 an
1884 769 2012 834 hist
2062 770 2127 834 11
2172 769 2285 852 -4s,
2372 770 2610 835 Bianor
2685 770 2885 860 (Αῃιιι
2942 771 3050 855 pal
3111 770 3211 836 lx
3242 769 3399 852 272)
3442 751 3599 839 satis

618 883 1017 962 testantur1).
1242 907 1247 912 ·
1460 908 1464 912 ⁴

834 987 1020 1068 Quod
1091 1006 1243 1052 vero
1300 984 1385 1050 ad
1432 982 1685 1049 Romuli
1743 988 1807 1047 et
1861 981 2267 1048 Ps-Dosithei
2333 984 2782 1049 necessitatem
2848 985 3101 1067 attinet,
3168 985 3274 1050 hie
3340 985 3597 1067 quidem

618 1098 843 1177 illum,
890 1116 1013 1160 non
1084 1091 1511 1176 magistellum
1582 1090 1809 1154 iterum
1827 1088 1874 1172 2)
1953 1089 2312 1154 servavisse
2383 1092 2817 1156 recensionem
2896 1091 3224 1157 meliorem
3292 1091 3594 1158 Rothium

619 1203 930 1287 effugisse
982 1200 1255 1266 videtur.
1350 1196 1771 1262 omisitenim
1809 1195 2264 1261 Ps-Dositbeus
2297 1216 2515 1262 urnam
2548 1218 2675 1262 non
2707 1197 2830 1264 nisi
2862 1197 2946 1263 ad
2981 1197 3314 1264 dimidiam
3347 1209 3596 1285 partem

618 1331 788 1393 aqua
835 1308 1134 1373 refertam
1182 1305 1401 1387 fuisse,
1460 1302 1630 1385 quod
1679 1308 1796 1385 est,
1863 1308 1932 1367 ut
1977 1302 2068 1366 ita
2117 1302 2351 1385 dicam,
2414 1305 2607 1369 totius
2663 1303 3034 1371 historiolae
3089 1305 3595 1373 fundamentum.

508 1400 513 1403 ’
617 1437 823 1500 neque
871 1422 1083 1480 tamen
1133 1414 1214 1477 ob
1262 1410 1350 1493 id,
1419 1409 1588 1493 quod
1635 1408 1910 1475 Rothius
1956 1408 2159 1474 ‘huius
2217 1408 2469 1474 Romuli
2527 1412 2714 1477 seriei
2774 1410 2856 1477 de
2903 1413 3102 1498 stirpe
3151 1415 3333 1495 eruit,
3403 1413 3593 1499 plane

616 1545 851 1590 'vanum
901 1530 1016 1588 est.
1111 1529 1269 1584 nam'
1305 1515 1558 1583 etiamsi
1605 1517 1710 1597 hie
1758 1515 2014 1598 quidem
2064 1518 2241 1606 ettin
2289 1516 2529 1583 fabella
2578 1517 2662 1583 de
2709 1518 2893 1584 leone
2926 1526 2990 1583 et
3025 1518 3235 1604 vulpe,
3284 1527 3353 1585 ut
3402 1541 3597 1606 supra

617 1632 992 1709 monuimuS,
1042 1625 1348 1693 Romulus
1395 1624 1752 1707 magistello
1802 1622 2262 1708 praeferendus
2310 1630 2427 1707 est,
2477 1632 2693 1690 tamen
2726 1632 2926 1691 restat
2957 1627 3406 1709 gravissimum
3438 1627 3595 1692 illud

617 1743 1079 1822 argumentum,
1129 1732 1299 1816 quod
1349 1730 1621 1796 Rothius
1670 1730 1881 1794 hausit
1928 1750 2008 1795 ex
2057 1730 2196 1814 ipso
2244 1729 2695 1796 Romulearum
2744 1731 3121 1797 fabellarum
3171 1733 3414 1799 ordine.

1832 2094 2099 2163 Ps·l)os
2148 2092 2230 2161 12
2281 2094 2374 2176 (6)

832 2259 1020 2326 (Book
1066 2258 1153 2326 123
1194 2247 1399 2312 Boueh'
1435 2271 1605 2327 pagg
1642 2254 1916 2323 509-113
1954 2251 2108 2309 (ἔδει
2148 2253 2204 2307 Η
2241 2253 2291 2307 L
2332 2245 2609 2323 pagg'44
2629 2268 2716 2322 sq,
2753 2252 2878 2324 Frg
2917 2252 2963 2306 P
3001 2269 3124 2324 pag
3161 2256 3254 2321 97)

829 2390 989 2454 Item
1037 2389 1314 2454 fortasse
1351 2385 1687 2452 Babrianis
1734 2386 1937 2470 eopiis
1970 2385 2381 2451 attribuenda
2433 2393 2530 2450 est
2578 2384 2667 2450 de
2716 2405 2923 2450 mure
2971 2394 3048 2451 et
3094 2408 3284 2452 rana
3332 2387 3592 2455 fabella.

616 2497 735 2562 hoe
783 2496 1038 2578 quidem
1096 2494 1498 2578 gravioribus
1555 2494 1947 2575 argumentis
2006 2493 2373 2574 confirmari
2420 2513 2544 2556 non
2596 2498 2825 2576 potest,
2894 2494 3044 2575 quia
3090 2496 3273 2560 nobis
3318 2516 3441 2560 non
3492 2517 3593 2561 res

614 2611 713 2669 est
761 2624 899 2669 eum
951 2603 1184 2667 Babrio
1234 2601 1395 2686 ipso,
1463 2599 1578 2665 sed
1626 2619 1770 2664 eum
1817 2598 1954 2664 sola
2001 2605 2234 2684 poetae
2284 2598 2635 2664 Bodleiana
2670 2597 3082 2680 Paraphrasi,
3112 2602 3258 2666 191.
3337 2608 3590 2667 exstant

612 2718 945 2796 praeterea
996 2708 1116 2774 hae
1162 2708 1598 2773 recensiones:

824 2833 1365 2894 Phaedr=Adem
1404 2836 1521 2906 4⁸);
1578 2837 1728 2892 Rom
1787 2815 1972 2903 (Burn
2014 2837 2112 2905 13,
2170 2837 2306 2893 Flor
2344 2839 2445 2908 1⁴3,
2504 2839 2744 2894 Vindob
2782 2839 2834 2906 3,
2891 2839 3187 2895 Wissemb
3227 2840 3254 2894 1
3281 2841 3355 2909 3),
3415 2844 3518 2911 qui
3559 2859 3594 2897 e

611 2929 889 2983 Phaedro
928 2928 1064 2995 alia,
1104 2928 1224 2982 alia
1263 2943 1340 2981 ex
1379 2927 1498 2981 alio
1537 2928 1705 2982 fonte
1748 2924 2031 2991 hausit4);
2096 2925 2217 2982 Aes
2256 2928 2385 2983 vita
2419 2929 2668 3005 (Eberh)
2706 2944 2831 2999 pag
2867 2928 2991 2984 300.
3219 3005 3228 3010 Ὦ

829 3046 1317 3113 Ps-Dositheum
1381 3044 1727 3132 minusad
1788 3047 2032 3122 ,latinas
2098 3045 2487 3120 variationes
2554 3064 2746 3128 quam
2802 3043 2888 3109 ad
2946 3065 3219 3128 graec-as
3267 3053 3333 3112 et
3381 3047 3443 3111 in
3494 3048 3593 3112 his

612 3155 920 3238 imprimis
991 3153 1073 3218 ad
1151 3152 1535 3218 Babrianam
1616 3147 2038 3237 paraphrasin
2109 3159 2406 3236 spectare
2474 3153 2601 3215 iam
2674 3152 2878 3237 primo
2951 3152 3269 3218 eoneedas
3338 3155 3586 3219 obtutu.

611 3268 880 3346 apparet
928 3261 1092 3325 enim
1141 3260 1297 3325 satis
1346 3280 1382 3325 e
1422 3259 1668 3324 exordii
1735 3259 1976 3323 verbis:
2051 3258 2369 3338 βάτραχος
2418 3261 2540 3337 μῦν
2587 3257 2845 3323 ἔπεισεν
2892 3261 3218 3339 κολυμβᾶν
3273 3261 3467 3323 muris
3524 3266 3590 3325 et

608 3389 803 3433 ranae
852 3368 1297 3432 commercium
1349 3387 1472 3430 non
1522 3373 1651 3430 tam
1703 3364 1874 3445 inde,
1924 3364 2093 3447 quod
2144 3364 2251 3447 ille
2300 3364 2484 3429 huius
2532 3365 2771 3446 auxilio
2820 3365 3062 3430 flumen
3108 3366 3376 3430 transire
3408 3366 3586 3449 velit,

609 3482 680 3540 ut
726 3473 898 3560 apud
934 3472 1293 3540 Phaedrum
1343 3481 1407 3538 et
1453 3471 1815 3554 Romulum,
1865 3491 2057 3554 quam
2098 3493 2139 3537 a
2173 3471 2334 3536 mira
2381 3472 2712 3555 societate,
2761 3478 2951 3555 quam
3001 3480 3271 3554 utraque
3319 3472 3589 3537 bestiola

609 3582 673 3645 in
721 3582 976 3665 graecis
1024 3580 1246 3646 formis
1294 3580 1421 3646 iam
1468 3580 1700 3662 inierit,
1750 3578 2101 3664 proficisci.
2196 3578 2348 3644 solis
2405 3586 2617 3643 autem
2666 3578 3090 3644 Ps-Dositheo
3140 3585 3206 3644 et
3238 3573 3471 3643 Babrio
3520 3575 3587 3644 id

609 3708 941 3754 commune
987 3694 1104 3764 est,
1169 3685 1353 3780 quod⁴
1373 3686 1542 3773 apud
1601 3693 1937 3767 utrumque
1993 3705 2149 3750 rana
2201 3705 2434 3769 magno
2484 3706 2625 3751 eum
2671 3685 2909 3769 gaudio
2958 3684 3251 3751 deorsum
3308 3705 3378 3752 se
3431 3705 3591 3750 mer·

608 3796 768 3860 sisse
816 3794 1135 3880 expressis
1185 3794 1395 3859 verbis
1441 3800 1770 3859 narratur:
1845 3793 2114 3857 Ps-Dos:
2151 3795 2359 3873 (rana)
2394 3793 2606 3872 καθὼς
2654 3791 2930 3871 ἔνυδρον
2976 3798 3148 3878 ζῷον
3196 3793 3352 3872 μετὰ
3385 3796 3589 3873 χαρᾶς

608 3902 954 3966 κατέδυνεν
1002 3938 1087 3946 ——
1137 3900 1300 3965 Bodl
1349 3897 1637 3985 Paraph:
1688 3892 1887 3979 αὐτὸς
1926 3898 2229 3979 -βρῡάζων
2278 3894 2415 3985 [τῷ]
2466 3898 2649 3963 ὕδατι
2696 3901 2800 3963 καὶ
2852 3898 3076 3983 <αὖθις
3137 3895 3464 3984 ἐκκύψας>
3513 3902 3590 3965 τὸ

602 4009 965 4087 ’βρεκεκεκὲξ
990 4008 1143 4074 κοὰξ
1173 4002 1405 4091 <κοὰξ>
1434 4006 1830 4086 ἀνακράζων.
1881 4007 2107 4072 iterum
2141 4026 2268 4070 non
2303 4006 2422 4071 nisi
2456 4005 2521 4069 in
2554 4005 2655 4071 his
2687 4027 2825 4071 mus
2855 4025 3025 4089 aqua
3071 4006 3337 4072 inflatus
3372 4013 3471 4072 est
3504 4044 3590 4055 —-

607 4114 728 4179 etsi
776 4113 1047 4180 diversis
1079 4115 1436 4198 argumenti
1472 4114 1680 4180 loeisz'
1710 4114 1990 4180 Ps·Dos:
2033 4113 2190 4193 μετὰ
2239 4114 2309 4177 δὲ
2355 4117 2528 4193 τρεῖς
2574 4114 2811 4192 ἡμέρας
2859 4111 3064 4193 ἀσκὸς
3111 4113 3149 4177 ὁ
3197 4116 3318 4193 μῦς
3366 4130 3590 4194 φυσω-

607 4222 738 4299 θεὶς
786 4219 1103 4300 ἐκολύμβα
1148 4258 1232 4274 -ῆ
1284 4217 1449 4285 Bodl
1497 4220 1815 4306 Paraphr:
1885 4224 2005 4300 μῦς
2062 4218 2245 4285 ὕδατι
2303 4221 2618 4299 φυσηθεὶς
2688 4220 3025 4299 ἐτεθνήκει.
3121 4219 3247 4285 hue
3313 4219 3588 4303 denique

604 4325 881 4410 aceedit,
930 4326 1100 4408 quod
1150 4327 1324 4392 exitu
1375 4329 1757 4394 verbotenus
1803 4327 1941 4392 fere
2002 4332 2392 4410 congruunt:
2465 4326 2556 4391 Ps
2598 4323 2763 4392 Dos:
2833 4329 2936 4391 καὶ
2982 4332 3072 4412 τῷ
3120 4327 3295 4412 αὐτῷ
3343 4328 3499 4392 λῖνῶ
3547 4326 3585 4389 ὁ

607 4433 926 4514 βάτραχος
973 4434 1416 4514 ἠκολούθησεν
1462 4470 1549 4481 --
1598 4433 1760 4499 Bodl
1819 4432 2146 4518 Paraphr:
2220 4432 2541 4513 βάτραχος
2609 4435 2679 4497 δὲ
2741 4434 3078 4514 δεσμώτης
3144 4432 3581 4512 ἑπήκολούθει.

818 4659 885 4770 1).
910 4702 1002 4757 De
1039 4718 1103 4757 re
1139 4701 1273 4772 ipsa
1310 4718 1351 4756 v
1389 4716 1467 4771 ap
1489 4697 1837 4760 Prantlium‚
1880 4699 2095 4768 Einige
2116 4697 2435 4754 Reste'des
2454 4698 2748 4768 Tierepos
2770 4701 2869 4754 ete
2907 4700 2969 4753 in
3008 4698 3307 4769 Philologi
3346 4674 3449 4754 vol
3474 4698 3587 4756 VII

647 4809 730 4846 ao·
779 4794 864 4848 70.
3562 4798 3572 4805 ·

604 4810 642 4863 p
685 4838 722 4863 a
816 4884 872 4951 2)
911 4882 983 4938 Cf
1019 4898 1205 4953 supra
1243 4899 1370 4954 pag
1405 4883 1494 4938 25.

814 4973 870 5040 3)
907 4971 1002 5042 Ap
1041 4972 1378 5028 Thieleium
1416 4988 1541 5043 pag
1580 4971 1664 5025 12.

812 5062 871 5128 4)
909 5061 1230 5130 Diserepat
1268 5060 1556 5115 Romulus
1594 5076 1631 5114 a
1671 5059 1946 5114 Phaedro
1986 5075 2099 5114 nee
2138 5075 2258 5113 non
2281 5074 2338 5116 ,a
2375 5060 2589 5113 ceteris
2628 5060 3083 5114 recensionibus
3124 5060 3456 5130 praecipue
3495 5074 3585 5124 eo,

603 5152 1024 5222 quodmilvus
1062 5166 1277 5216 ranam
1313 5166 1436 5204 non
1462 5165 1633 5204 mure
1658 5150 1778 5202 iam
1806 5154 2058 5216 mortue,
2097 5148 2206 5202 sed
2235 5148 2395 5202 haud
2423 5148 2666 5218 illepide
2705 5149 2922 5218 inipso
2950 5150 3138 5202 muris
3182 5147 3584 5202 interficiendi

597 5214 826 5296 ¹conatu
863 5241 1038 5310 rapit.
