4234 6017
2039 1311 2344 1394 Vita.

2075 1487 2292 1498 0———d

907 1618 1132 1683 Ericus
1179 1618 1503 1683 Gustavus
1551 1615 1943 1700 Getzlaff,
2016 1616 2349 1700 Boi-ussus,
2418 1621 2607 1681 natus
2664 1636 2802 1681 sum
2859 1617 3142 1682 Berolini
3191 1639 3230 1682 a
3277 1619 3319 1683 d
3366 1620 3491 1684 VII
3523 1621 3680 1687 Idus

694 1723 947 1809 Apriles
979 1724 1128 1787 anni
1153 1722 1736 1788 MDCCCLXXXI
1772 1729 1954 1807 patre
1988 1722 2295 1806 Gustavo,
2329 1728 2532 1788 matre
2567 1722 2749 1788 Anne
2783 1723 3029 1789 Iuliane
3063 1744 3098 1789 e
3130 1732 3321 1807 gente
3356 1727 3673 1803 Gurkash,

695 1831 924 1913 quibus
971 1829 1423 1915 superstitibus
1470 1828 1663 1895 valde
1712 1828 1989 1910 gaudeo.
2081 1828 2283 1894 fidem
2331 1830 2640 1915 profiteor
2688 1830 3149 1913 evangelicam.
3211 1827 3216 1832 ’

864 1934 1744 2022 .Gymnasii.Steglitzensis,
1795 1936 1965 2018 quod
2016 1937 2212 2004 etiam
2259 1955 2426 2001 nunc
2458 1936 2742 2001 Roberto
2798 1936 2986 2002 ank
3034 1939 3171 2003 viro
3224 1939 3675 2007 humanissimo

695 2049 942 2109 rectore
990 2043 1415 2109 illustrissimo
1463 2043 1675 2125 floret,
1726 2041 2068 2127 disciplina
2114 2062 2266 2108 usus
2311 2062 2449 2108 sum
2499 2044 2579 2107 ab
2628 2064 2793 2108 anno
2840 2043 3267 2111 MDCCCXC.

906 2150 1228 2216 Autumno
1277 2150 1424 2215 anni
1458 2148 1642 2215 MCM
1691 2148 2081 2215 maturitatis
2125 2150 2486 2215 testimonio
2536 2150 2899 2232 instructus,
2949 2157 3019 2215 ut
3067 2150 3414 2217 litterarum
3466 2172 3675 2219 recen-

695 2257 925 2323 tiorum
972 2255 1202 2322 studiis
1249 2276 1509 2341 operam
1557 2256 1796 2338 darem,
1872 2254 2002 2320 adii
2049 2257 2319 2341 primum
2368 2256 2753 2333 Berolinum,
2814 2255 3048 2323 deinde
3108 2278 3257 2324 vere
3299 2260 3674 2343 insequente

694 2363 1122 2429 Lousonnam.
1198 2353 1314 2430 sex
1361 2363 1682 2429 mensibus
1728 2369 1874 2448 post
1919 2355 2282 2428 Berolinum
2331 2382 2624 2429 reversus
2681 2363 3098 2448 philologiam
3156 2367 3487 2453 classicam
3538 2388 3674 2431 sum

694 2470 1047 2556 amplexus.
1129 2476 1451 2555 postremo
1508 2489 1671 2536 vere·
1705 2470 1855 2534 anni
1907 2468 2160 2551 MCMII
2207 2470 2438 2534 almam
2509 2470 2709 2553 petivi
2764 2468 3197 2555 Philippinam
3255 2472 3671 2537 Academiam

692 2577 1239 2661 Marpurgensem,
1290 2577 1469 2642 cuius
1519 2577 1677 2641 civis
1709 2577 1804 2640 fui
1838 2595 2039 2658 usque
2071 2574 2154 2640 ad
2190 2596 2301 2641 ver
2335 2577 2483 2640 anni
2517 2575 2815 2641 MCMVI.
2909 2578 3204 2661 superavi
3254 2578 3358 2643 hic
3405 2598 3673 2644 examen

695 2683 1052 2767 rigorosum
1100 2704 1139 2748 a
1186 2681 1231 2747 d
1280 2684 1384 2747 III
1434 2681 1764 2748 Kalendas
1811 2682 2196 2748 Februarias
2243 2684 2392 2748 anni
2440 2683 2773 2748 MCMVII.

885 2790 1280 2855 ‘Docuerunt
1347 2799 1448 2854 me
1496 2789 1618 2855 viri
1666 2788 2019 2855 doctissimi
2065 2788 2303 2870 Andre,
2354 2791 2513 2872 Birt,
2584 2790 2785 2873 Bock,
2848 2790 3085 2873 Cohen,
3146 2793 3422 2867 Dessoir,
3475 2793 3672 2876 Diels,

697 2897 780 2962 de
826 2895 1067 2979 Drach,
1116 2885 1403 2978 Fischer,
1452 2896 1720 2978 Heinze,
1771 2895 2198 2978 Kalbfleisch,
2243 2885 2523 2980 Kayser,
2570 2896 2829 2962 Kekule
2877 2896 2959 2962 'de
3006 2896 3396 2980 Stradonitz,
3445 2900 3673 2984 Kirch-

696 3002 879 3090 hoff,
941 3002 1175 3084 MaaSS,
1252 3003 1529 3085 Maurer,
1612 3004 1881 3088 Natorp,
1970 3004 2187 3085 Niese,
2267 2999 2621 3078 Oestreieh,
2702 3002 3205 3088 Schultz-Gora,
3295 3004 3377 3069 de
3455 3006 3673 3090 Sybel,

697 3108 945 3192 Thiele,
1018 3109 1292 3192 Thumb,
1362 3111 1699 3193 Warnery.
1793 3111 2115 3175 seminarii
2162 3108 2477 3194 philologi
2546 3107 2785 3174 sodalis
2849 3109 2943 3174 fui
3000 3130 3114 3194 per
3172 3109 3299 3176 duo
3346 3114 3677 3177 semestria

696 3216 923 3298 Birtio,
973 3214 1464 3299 Kalbfleischio,
1497 3216 1775 3283 Maassio
1807 3217 2199 3300 regentibus.
2249 3215 2817 3282 exercitationibus
2849 3217 3122 3297 benigne
3154 3236 3255 3282 me
3288 3216 3677 3283 admiserunt

700 3322 860 3403 Birt,
911 3321 1113 3404 Bock,
1164 3322 1451 3405 Fischer,
1502 3324 1764 3405 Heinze,
1812 3324 2080 3407 Natorp‚
2132 3321 2486 3403 Oestreich,
2537 3320 2618 3386 de
2665 3321 2881 3405 Sybel‚
2929 3319 3179 3404 Thiele,
3228 3323 3501 3388 Thumb.

913 3428 1157 3506 Quibus
1203 3429 1492 3494 omnibus
1539 3431 1783 3512 gratias
1830 3428 2037 3493 habeo
2070 3429 2403 3510 maximas,
2452 3428 2758 3511 imprimis
2804 3446 2956 3492 vero
2988 3432 3173 3509 grato
3205 3429 3439 3513 pioque
3473 3431 3674 3495 colam

699 3536 912 3600 animo
945 3534 1193 3601 Thielei
1249 3536 1637 3618 memoriam,
1687 3537 1794 3618 qui
1853 3535 2019 3601 hanc
2070 3536 2423 3624 materiem,
2473 3553 2723 3600 suorum
2777 3534 2977 3619 ipsius
3010 3534 3361 3602 studiorum
3406 3543 3675 3621 partem,

701 3648 770 3706 ut
815 3647 1183 3725 tractarem,
1257 3642 1415 3707 mihi
1461 3643 1751 3727 per-misit
1797 3647 1864 3706 et
1909 3642 2145 3724 insigni
2193 3642 2582 3706 liberalitate
2630 3641 3022 3724 consilioque
3069 3662 3169 3707 me
3218 3642 3487 3725 adiuvit,
3557 3663 3678 3707 nec

700 3768 826 3813 non
872 3749 1153 3830 Maassii,
1204 3749 1312 3832 qui
1364 3748 1512 3814 huic
1570 3747 1880 3831 opusculo
1924 3747 2215 3832 perfecto
2249 3748 2593 3830 benignam
2630 3766 2845 3811 curam
2892 3749 3244 3833 impertivit
3291 3755 3357 3814 et
3401 3749 3468 3813 id
3512 3769 3677 3813 com-

701 3852 1030 3919 mendavit
1075 3874 1317 3919 summo
1366 3852 1889 3938 philosophorum
1937 3852 2168 3920 ordini.
