4234 6017
1917 432 2270 492 .-46.Α

604 610 800 668 ἰδοῦσα
837 615 898 668 δέ
938 611 1111 668 αὐτὸν
1511 615 1824 682 speculata
1863 632 2004 686 erqo
2043 632 2179 671 eum
2421 620 2634 674 contra
2689 615 2778 675 sic
2842 612 2933 675 ait
2988 633 3192 678 corvo:
3268 639 3301 677 o
3355 635 3589 696 corvuS,

602 704 832 770 ἀλώπηξ
870 708 1192 770 προσῆλθεν
1484 701 1717 773 5vulpis
1755 703 2007 760 accessit
2419 707 2559 779 quis
2621 707 2845 764 similis
2906 709 3057 766 tibi?
3122 713 3176 765 et
3234 729 3588 782 pennarum

602 797 691 847 καὶ
730 795 975 847 ἐπαινεῖν
1014 795 1221 859 ἤρξατο
1511 795 1564 846 et
1599 795 1858 847 laudare
1896 794 2092 864 coepit
2417 800 2667 853 tuarum
2706 815 2892 869 quam
2929 816 3196 871 magnus
3253 805 3339 855 est
3375 801 3588 858 nitor?

601 883 777 935 αὐτοῦ
817 881 923 945 τὴν
963 882 1239 949 ἀνδρείαν,
1509 880 1642 937 eius
1679 881 1983 952 virtutem,
2418 886 2625 956 qualis
2662 889 2841 942 decor
2878 891 3022 944 tuus
3069 893 3233 957 esset,
3292 889 3348 944 si
3386 908 3588 946 vocem

601 973 804 1036 ἔψεγεν
843 971 919 1037 δέ,
1510 973 1806 1041 arquebat
1842 975 2060 1040 autem,
2416 974 2733 1031 habuisses
2758 978 3015 1046 claram3
3057 980 3231 1033 nulla
3248 979 3432 1047 prior
3457 979 3590 1035 avis

599 1062 686 1113 ὅτι
722 1065 949 1114 τοιοῦτο
988 1064 1136 1113 ζῶον
1511 1064 1674 1130 quod
1712 1063 1829 1115 tale
1869 1060 2104 1117 animal
2418 1067 2582 1119 esset.
2656 1069 2721 1120 at
2759 1065 2876 1133 ille,
2915 1069 3064 1122 dum
3102 1069 3230 1122 vult
3261 1070 3507 1137 placere
3534 1073 3590 1125 et

598 1150 802 1215 φωνὴν
841 1150 945 1202 οὐκ
981 1150 1109 1214 ἔχει.
1455 1164 1706 1204 tovocem
1744 1166 1868 1226 non
1906 1151 2164 1205 haberet.
2417 1170 2616 1209 vocem
2690 1172 2867 1210 suam
2929 1157 3258 1220 ostendere,
3316 1157 3590 1213 validius

596 1241 898 1303 πλανηθεὶς
924 1239 1025 1290 οὖν
1052 1239 1084 1290 ό
1111 1237 1279 1303 κόραξ
1503 1237 1756 1308 fallatia
1797 1257 1937 1310 erqo
1976 1256 2194 1295 corvus
2416 1259 2667 1298 sursum
2704 1243 2993 1299 clamavit
3030 1249 3084 1299 et
3130 1262 3231 1301 ore
3274 1248 3588 1315 patefacto

598 1329 815 1392 ἤνοιξεν
854 1328 921 1380 τὸ
960 1328 1157 1393 στόμα,
1201 1327 1314 1395 <ᾧ>
1505 1327 1749 1396 aperuit
1789 1333 2080 1397 rostrum,
2123 1328 2292 1398 (cui)
2416 1331 2639 1387 oblitus
2677 1348 2920 1388 caseum
2959 1332 3194 1402 deiecit,
3235 1350 3413 1404 quem
3450 1337 3588 1390 cele-

594 1417 695 1469 τὸν
732 1417 906 1483 τυρὸν
926 1417 1174 1469 πεσόντα
1197 1416 1429 1481 ἀλώπηξ
1506 1432 1748 1471 caseum
1787 1419 2100 1472 cadentem
2152 1417 2359 1487 vulpis
2414 1419 2566 1475 riter
2603 1419 2807 1490 vulpis
2845 1423 3057 1477 dolosa
3112 1423 3316 1477 avidis
3373 1423 3589 1494 rapuit

601 1505 902 1572 ἁρπάσασα
929 1506 1291 1572 κατέφαγεν.
1504 1508 1757 1575 raptum
1795 1505 2071 1561 comedit.
2415 1509 2715 1565 dentibus.
2792 1514 2935 1565 tunc
2964 1528 3181 1566 corvus
3206 1510 3505 1582 ingemuit
3532 1516 3587 1567 et

597 1595 780 1657 οὕτως
817 1594 870 1647 οἱ
906 1596 1120 1660 πολλοὶ,
1159 1595 1244 1646 ὅτι
1451 1592 1594 1649 15sic
1632 1597 1991 1664 complures,
2030 1597 2197 1665 quod
2412 1602 2663 1668 stupore
2702 1602 2977 1656 detentus
3016 1602 3330 1670 deceptum
3367 1618 3429 1656 se
3445 1617 3587 1671 poe-

596 1685 826 1749 δυνάμει
864 1684 932 1735 οὐ
970 1685 1255 1750 δύνανται,
1505 1680 1835 1738 virtutibus
1871 1700 1998 1740 non
2028 1687 2310 1754 possunt,
2410 1687 2614 1743 nituit.
2713 1689 2821 1743 sed
2884 1691 3032 1757 post
3092 1688 3586 1759 inrecuparabile

599 1773 847 1839 φρόνησι
886 1772 1268 1825 ἑκπλέκουσιν.
1513 1770 1825 1840 sapientia
1863 1771 2196 1843 eoeplicant.
2411 1779 2650 1848 factum
2700 1779 2998 1833 damnum
3056 1778 3209 1849 quid
3244 1779 3419 1833 iuvat
3448 1795 3588 1849 poe·

599 1879 632 1932 5
657 1881 973 1945 προσῆλθεν
995 1881 1083 1931 καὶ
1104 1875 1355 1932 accessit
1385 1880 1440 1931 et
1461 1894 1558 1933 om
1577 1878 1624 1931 P
1645 1876 1662 1949 Η
1682 1879 1714 1931 7
1739 1895 1849 1948 sqq
1878 1881 2136 1935 laudare
2162 1879 2355 1950 coepit
2411 1865 2644 1921 nitere?

594 1968 758 2037 quod
790 1964 921 2036 ipse
940 1965 1187 2037 quidem
1224 1969 1311 2021 ὅτι
1350 1968 1519 2030 αὐτὸς
1560 1969 1658 2032 μὲν
1697 1967 1745 2020 Ρ
1784 1964 1801 2037 ΙΙ
1837 1969 2151 2038 formosus
2199 1973 2355 2025 esset

593 2059 648 2110 et
671 2071 936 2125 maynus
959 2057 1245 2124 εὔμορφος
1283 2057 1368 2122 εἴη
1409 2060 1498 2110 καὶ
1529 2057 1698 2122 μέγας
1719 2057 1766 2110 Ρ
1803 2056 1821 2128 ΙΙ
1858 2059 1894 2111 8
1920 2075 2115 2114 unum
2151 2063 2357 2115 autem

593 2147 816 2201 deesset
853 2160 1079 2215 graeca
1117 2147 1400 2200 versione
1440 2146 1757 2214 deperdita
1802 2145 1850 2198 P
1877 2147 1938 2200 ἓν
1979 2150 2040 2202 δέ
2081 2149 2358 2203 ἐπιλείποι

592 2235 770 2305 suppl
806 2234 1016 2288 Bouch
1040 2231 1058 2304 ΙΙ
1094 2235 1127 2288 9
1173 2240 1401 2288 τοιοῦτο
1439 2238 1587 2290 Ζῶον
1639 2235 1758 2288 tale
1814 2233 2052 2291 animal
2114 2254 2212 2292 om
2250 2238 2297 2291 P
2338 2236 2356 2308 ΙΙ

592 2324 660 2377 12
697 2323 984 2378 clamavit
1019 2326 1246 2392 ἔκραξεν
1278 2324 1326 2377 Ρ
1364 2321 1382 2393 ΙΙ
1418 2326 1473 2377 et
1511 2321 1727 2378 deiecit
1764 2340 2010 2380 caseum
2049 2329 2141 2380 καὶ
2177 2329 2357 2394 τυρὸν

592 2413 894 2479 κατέβαλεν
930 2414 977 2467 Ρ
1017 2415 1075 2467 cf
1098 2412 1251 2467 Rom
1289 2418 1348 2467 et
1375 2429 1412 2482 p
1436 2413 1505 2465 14
1542 2410 1560 2483 ΙΙ
1599 2412 1667 2466 12
1686 2428 1798 2483 sqq
1823 2431 1933 2468 τινι
1970 2417 2071 2484 qui
2101 2415 2149 2469 L
2179 2431 2355 2485 quem

591 2501 805 2571 rapuit
842 2500 1047 2571 vulpis
1091 2502 1168 2567 (et
1189 2502 1421 2568 Bouch)
1459 2500 1718 2557 comedit
1743 2503 1808 2555 ὃν
1835 2505 2085 2571 ἥρπαξεν
2131 2507 2167 2571 ἡ
2208 2507 2355 2559 ἀλώ-

587 2595 696 2659 πηξ
733 2594 845 2655 (καὶ
870 2592 1097 2660 Bouch)
1135 2592 1456 2659 κατέφαγεν
1492 2591 1540 2645 Ρ
1576 2588 1595 2662 ΙΙ
1635 2591 1702 2645 16
1739 2590 1989 2647 viribus
2016 2594 2080 2649 P.

1087 2856 1360 2913 Phaedr
1398 2854 1524 2914 113
2709 2855 2893 2912 Babr
2930 2854 3018 2913 ‘77

593 2964 709 3030 Qui
745 2981 809 3020 se
847 2964 1100 3020 laudari
1134 2969 1362 3037 qaudet
1397 2964 1599 3021 verbis
1636 2962 1922 3032 subdoliS‚
2144 2965 2319 3032 Κόραξ
2353 2967 2606 3032 δεδηχὼς
2643 2967 2878 3030 στόματι
2916 2968 3090 3033 τυρὸν
3128 2966 3396 3033 εἱστήκει·

589 3056 743 3110 Sera
781 3056 888 3136 dat
922 3071 1151 3123 poenas
1187 3054 1392 3125 turpis
1421 3053 1824 3124 paenitentia.
2138 3060 2312 3122 τυροῦ
2353 3056 2400 3107 δ’
2419 3056 2649 3121 ἀλώπηξ
2688 3054 2940 3120 ἰχανῶσα
2975 3056 3197 3123 κερδῲη

593 3145 739 3199 Gum
778 3145 851 3198 de
886 3146 1156 3215 fenestra
1194 3161 1410 3201 corvus
1446 3146 1698 3215 raptum
1735 3159 1976 3199 caseum
2140 3148 2300 3212 μυθῳ
2338 3145 2440 3197 τὸν
2478 3146 2632 3211 ὄρνιν
2667 3144 2927 3210 ήπάτησε
2962 3144 3235 3213 τοιούτῳ·

593 3233 858 3288 Comesse
898 3235 1083 3301 vellet,
1124 3235 1280 3289 celsa
1317 3232 1590 3289 residens
1628 3235 1862 3301 arbore,
2144 3234 2361 3303 „Kopai²
2399 3233 2562 3287 καλαί
2598 3246 2686 3286 σοι
2724 3232 3014 3299 πτέρυγες,
3053 3234 3180 3299 ὀξέη
3219 3233 3417 3301 γλήνη,

597 3323 817 3391 Vulpes
854 3323 1013 3376 hunc
1040 3321 1211 3391 vidit,
1249 3322 1469 3377 deinde
1493 3322 1581 3379 sic
1607 3322 1799 3390 coepit
1827 3321 2025 3392 loqui:
2138 3323 2342 3389 θεητὸς
2380 3322 2583 3388 αὐχήν·
2623 3322 2859 3387 στέρνον
2898 3321 3087 3375 αἰετοῦ
3126 3309 3358 3388 φαίνεις,

592 3413 640 3467 0
676 3409 784 3482 qui
821 3414 1087 3480 tuarum,
1127 3427 1313 3479 corve,
1346 3410 1749 3482 pinnarumst
1785 3408 1981 3466 nitor!
2137 3414 2287 3466 ὄνυξι
2326 3412 2557 3464 πάντων
2600 3410 2815 3476 Θηρίων
2853 3412 3183 3477 κατισχύεις.

590 3501 898 3563 Quantum
931 3499 1164 3555 decoris
1201 3516 1449 3570 corpore
1487 3504 1541 3555 et
1577 3501 1750 3555 vultu
1786 3497 1977 3571 qeris!
2134 3502 2165 3554 ὁ
2203 3507 2360 3565 τοῖος
2395 3503 2547 3567 ὄρνις
2587 3500 2787 3567 κωφός
2825 3499 2945 3553 ἐσσι
2983 3501 3086 3552 κού
3125 3500 3406 3566 κρώζεις.“

586 3590 658 3645 Si
693 3606 893 3646 vocem
928 3592 1189 3652 haberes,
1230 3591 1407 3644 nulla
1439 3588 1623 3659 prior
1659 3591 1784 3645 ales
1817 3590 1998 3659 foret.
2134 3591 2302 3657 κόραξ
2340 3589 2387 3643 δ’
2416 3589 2626 3658 ἐπαίνῳ
2665 3587 2899 3655 καρδίην
2935 3590 3245 3655 ἐχαυνώθη,

584 3680 660 3733 At
697 3679 813 3748 ille,
851 3682 1001 3735 dum
1036 3681 1166 3734 vult
1202 3678 1386 3735 etiam
1422 3695 1623 3735 vocem
1660 3681 1985 3746 ostendere,
2134 3680 2417 3744 στόματος
2456 3680 2517 3732 δὲ
2554 3679 2729 3745 τυρὸν
2769 3679 3021 3742 ἐκβαλὼν
3058 3679 3364 3745 ἐκεκράγει.

588 3767 811 3824 Emisit
847 3785 947 3823 ore
984 3785 1241 3835 caseum,
1283 3784 1459 3839 quem
1497 3767 1766 3823 celeriter
2133 3771 2234 3823 τὸν
2273 3770 2309 3834 ἡ
2351 3770 2503 3835 σοφὴ
2545 3770 2795 3832 λαβοῦσα
2834 3768 3089 3837 κερτόμῳ
3136 3769 3363 3835 γλώσσῃ

584 3860 813 3912 Dolosa
848 3860 1058 3926 vulpes
1095 3856 1300 3914 avidis
1337 3856 1553 3926 rapuit
1584 3855 1881 3912 dentibus.
2139 3860 2274 3926 „obn
2312 3857 2441 3922 ἦσθ’
2482 3855 2746 3924 ἄφωνος“
2789 3858 2949 3910 εἶπεν
2992 3856 3164 3925 ,ἀλλὰ
3201 3856 3480 3924 φωνήεις·

593 3945 1309 4017 Tumdemuminyemuit
1324 3945 1489 4001 corvi
1504 3948 2023 4016 deceptusstupor.
2137 3948 2293 4015 ἔχεις,
2333 3948 2518 4015 κόραξ,
2557 3934 2796 4013 ἅπαντα,
2832 3950 2967 4010 νοῦς
3005 3946 3067 3998 δέ
3104 3959 3194 3999 σοι
3232 3944 3455 3998 λείπει.“

584 4038 713 4091 Ηαο
737 4053 802 4091 re
821 4038 1138 4106 probatur,
1166 4034 1486 4107 inqenium
1513 4038 1816 4107 quantum
1836 4038 2022 4104 valet3

595 4124 820 4183 Virtute
857 4140 1092 4195 semper
1118 4126 1436 4196 praevalet
1473 4123 1800 4196 sapientia.

993 4483 1096 4550 De
1144 4500 1344 4549 mure
1392 4484 1669 4551 rustico
1721 4483 1793 4548 et
1840 4485 2115 4551 urbano
2170 4482 2269 4565 (cf
2309 4504 2487 4569 pagg
2540 4484 2820 4567 14-16,
2869 4483 3158 4563 36-38)

1834 4650 2086 4707 Ps-Dos
2126 4648 2342 4723 1807)

580 4781 705 4847 Μῦς
765 4782 1064 4849 ἀρουραῖος
1125 4782 1387 4836 ἐκάλεσεν
1449 4781 1540 4849 ἐφ’
1604 4782 1849 4835 ἑστίασιν
1913 4786 2020 4846 μῦν
2126 4780 2272 4835 Mus
2306 4778 2580 4836 silvester
2634 4777 2871 4835 vocavit
2927 4780 3011 4834 ad
3066 4795 3277 4834 cenam
3332 4792 3572 4834 murem

581 4873 809 4926 ἀστικὸν
866 4875 955 4925 καὶ
1011 4877 1274 4938 παρεῖχεν
1330 4872 1485 4940 αὐτῷ
1537 4875 1808 4925 σιτεῖσθαι
1844 4872 1916 4923 τὰ
1954 4871 2014 4923 ἐν
2126 4872 2438 4925 urbanum
2475 4873 2529 4925 et
2572 4870 2931 4938 praestabat
2969 4867 3025 4922 ei
3077 4867 3255 4937 vesci,
3312 4884 3469 4938 quae
3506 4866 3574 4921 in

581 4961 964 5030 ἀγρῷ<όντα>,
1012 4963 1201 5015 σύκων
1222 4978 1284 5015 τε
1310 4963 1399 5013 καὶ
1427 4963 1738 5028 σταφυλῶν
1765 4961 1854 5012 καὶ
1875 4964 1996 5012 τῶν
2124 4976 2270 5014 rure
2312 4959 2584 5029 <erant>z
2617 4959 2770 5029 ficus
2809 4960 2863 5011 et
2897 4974 3052 5012 uvas
3077 4959 3129 5010 et
3155 4959 3350 5012 cetera
3368 4973 3576 5026 poma.

581 5054 764 5108 ἄλλων
785 5053 1133 5118 ἀκροδρύων.
1190 5052 1222 5104 ὅ
1250 5052 1310 5103 δὲ
1348 5051 1564 5115 πολλὴν
1604 5051 1779 5103 αὐτοῦ
1817 5049 2015 5103 πενίαν
2130 5051 2194 5102 at
2228 5047 2329 5102 ille
2370 5050 2630 5103 multam
2668 5046 2799 5101 eius
2829 5049 3260 5117 paupertatem
3295 5060 3577 5117 aqnosce·

580 5141 990 5206 κατεγίνωσκεν
1011 5141 1302 5194 ἐκέλευσέν
1322 5157 1384 5194 τε
1402 5141 1510 5205 τὴν
1525 5142 1719 5206 αὔριον
1745 5140 2024 5204 ἀφικνεῖσ-
2096 5139 2256 5205 5bat,
2294 5135 2537 5192 iubebat
2576 5134 2630 5190 ei
2669 5135 2738 5190 in
2774 5135 3117 5191 crastinum
3155 5133 3360 5190 venire
3386 5136 3471 5190 ad
3496 5151 3576 5189 se.

578 5236 670 5285 θαι
695 5234 834 5298 πρὸς
873 5233 1061 5284 αὑτὸν.
1137 5234 1226 5284 καὶ
1265 5231 1327 5295 ὃς
1366 5230 1443 5294 εἰς
1480 5229 1752 5283 πλουσίου
1790 5233 2020 5293 ταμεῖον
2131 5229 2184 5281 et
2220 5225 2322 5281 ille
2358 5225 2428 5281 in
2466 5223 2680 5281 divitis
2717 5223 3035 5280 cellarium
3092 5240 3228 5279 eum
3285 5222 3576 5292 induoeit3
