4234 6017
2010 436 2361 498 ...16-

691 619 904 707 τροφῇ
944 630 1038 705 tu,
1085 617 1325 707 inquit,
1365 623 1603 709 fruere
1652 643 1767 688 eas
1813 624 2230 708 epulationes
2283 645 2435 690 cum
2489 624 2696 691 tantis
2749 622 2933 710 cibis,
2982 647 3099 715 eqo
3145 629 3370 696 autem
3414 625 3677 717 qaudeo

691 730 909 796 soluto
957 736 1018 795 et
1065 730 1272 795 libero
1321 731 1462 794 cibo
1555 733 1655 811 (tu
1703 732 1990 814 quidem,
2058 732 2298 816 inquit,
2368 732 2473 797 his
2537 733 2771 818 fruere
2820 735 3081 800 deliciis
3149 738 3396 818 (cetera
3442 740 3677 806 omissa

692 837 889 917 sunt))
937 873 1026 883 —
1070 836 1264 902 Rom.
1335 845 1408 901 tu
1451 837 1708 922 fruere,
1758 838 2000 922 inquit,
2045 839 2196 904 istis
2242 840 2576 921 omnibus3
2640 848 2735 923 tu,
2781 842 3020 926 inquit,
3069 843 3173 908 his
3217 845 3400 910 solus
3440 848 3679 932 fruere

693 945 882 1009 bonis
929 942 1183 1009 Vindob
1230 980 1316 989 —
1363 942 1622 1008 Phaedr
1676 942 1969 1025 (Adem):
2046 967 2151 1010 me
2195 945 2392 1032 ylans
2426 954 2674 1030 pascat
2721 947 3052 1015 liberam.
3139 951 3374 1017 ‚haud
3432 953 3555 1017 has
3603 960 3675 1019 tu

681 1052 944 1135 poteris
989 1051 1286 1116 invenire
1324 1052 1628 1118 delicias.
3349 1077 3356 1086 ·

692 1157 695 1164 ’
856 1156 1098 1230 Haud
1164 1158 1372 1224 minus
1437 1165 1615 1224 certe
1680 1178 1833 1244 ergo
1889 1159 2083 1225 etiam
2154 1160 2441 1244 magistri
2514 1160 2596 1230 de
2664 1162 2947 1229 muribus
3017 1165 3255 1231 rustico
3318 1172 3383 1231 et
3428 1167 3673 1233 urbano

690 1264 1006 1349 apologus
1050 1265 1382 1332 Romuleis
1430 1265 1633 1350 copiis
1679 1265 2079 1333 addicendus
2127 1274 2245 1333 est.

1937 1584 2214 1655 Ps-Dos
2259 1586 2402 1674 2(2)

902 1730 1091 1798 (Book
1129 1730 1188 1799 23
1227 1729 1434 1785 Bouch
1474 1743 1598 1800 pag
1634 1730 1906 1800 505-073
1945 1728 2098 1786 Gotz
2137 1732 2193 1786 H
2229 1732 2281 1787 L
2319 1750 2445 1804 pag
2481 1734 2552 1789 40
2570 1750 2657 1805 sq,
2695 1735 2819 1806 Frg
2854 1736 2903 1791 P
2942 1753 3067 1807 pag
3103 1738 3196 1803 96)

902 1852 1193 1918 Eundem
1227 1853 1470 1919 fontem
1523 1851 1960 1918 demonstrare
1997 1871 2352 1937 possumus,
2400 1852 2455 1918 si
2502 1871 2629 1918 non
2661 1852 2866 1919 firmis
2910 1853 3328 1939 argumentis,
3380 1862 3449 1922 at
3496 1864 3671 1924 certe

688 1960 1137 2044 verisimilibus
1183 1961 1247 2024 in
1293 1959 1535 2025 fabella
1582 1954 1677 2024 d'e
1723 1978 1930 2024 mure
1977 1958 2276 2026 leonem
2325 1979 2360 2024 e
2407 1979 2674 2026 somno
2723 1961 3148 2028 excitante:

901 2084 1229 2139 Phaedr=
1249 2081 1443 2137 Adem
1485 2080 1644 2151 18¹),
1702 2081 1865 2138 Babr
1902 2063 1994 2147 (8'2
2015 2085 2102 2148 -Η
2143 2082 2275 2151 107;
2330 2082 2505 2137 Tabb
2558 2082 2795 2140 Assend
2852 2084 2979 2140 VV0
3026 2089 3085 2141 et
3139 2085 3220 2140 VI
3229 2087 3513 2151 ¹'0)=Ps·
3516 2088 3671 2159 Dos3

688 2175 837 2228 Rom
894 2173 1081 2242 (Burn
1130 2172 1158 2226 I
1198 2173 1281 2240 17,
1339 2172 1477 2227 Flor
1513 2171 1541 2225 I
1570 2173 1652 2241 18,
1710 2171 1948 2227 Vindob
1993 2173 2074 2240 18,
2145 2172 2440 2230 Wissemb
2485 2172 2543 2226 II
2566 2174 2684 2243 11)3
2752 2173 3032 2244 Anonym
3071 2197 3139 2221 =
3177 2175 3304 2230 Κοι·
3339 2176 3444 2232 217
3501 2177 3672 2234 initio

688 2265 1036 2342 excepto:
1030 2278 1184 2333 pag
1201 2259 1381 2328 3732).
2473 2321 2482 2336 ..

899 2372 1138 2437 Iterum
1188 2370 1291 2436 hic
1339 2379 1409 2436 ut
1456 2369 1521 2436 in
1570 2372 1780 2456 priore
1827 2371 2102 2457 apologo
2151 2371 2279 2436 iam
2326 2370 2531 2456 primo
2580 2372 2805 2437 obtutu
2852 2373 3282 2456 magistellum
3316 2372 3667 2460 deprehen-

688 2478 896 2545 dimus
952 2484 1328 2563 argumento
1397 2478 1598 2544 multo
1657 2478 1916 2563 propius
1962 2477 2047 2543 ad
2095 2478 2418 2563 Aesopum
2467 2477 2796 2562 vulgarem
2846 2499 3034 2562 quam
3083 2478 3169 2545 ad
3217 2481 3516 2547 Babrium
3566 2503 3671 2548 ac·

686 2585 1038 2672 cedentem.
1133 2584 1326 2651 valde
1394 2585 1559 2650 enim
1617 2577 1889 2668 graecus
1953 2590 2149 2669 poeta
2195 2605 2236 2649 a
2294 2584 2526 2650 ceteris
2593 2584 2754 2651 fecit
2822 2585 3173 2653 abhorrens
3239 2589 3335 2652 sui
3406 2588 3664 2672 apolog-i

685 2692 1017 2759 exordium
1035 2694 1105 2773 ⁸).
1201 2711 1326 2757 non
1388 2711 1424 2756 e
1487 2711 1709 2758 somno
1773 2692 2121 2757 suscitatus
2190 2690 2363 2776 apud
2432 2710 2575 2756 eum
2645 2691 2744 2758 leo
2805 2692 3031 2778 arripit
3105 2688 3341 2760 murem
3400 2698 3667 2759 temera-

683 2800 865 2882 rium,
936 2797 1051 2864 sed
1097 2835 1185 2845 —
1230 2797 1609 2864 incredibile
1684 2803 1781 2863 e'st
1849 2796 2028 2864 dictu
2095 2835 2187 2845 —
2250 2820 2291 2864 a
2336 2798 2678 2864 venatione
2748 2805 3034 2884 reportat
3105 2797 3291 2865 huius
3353 2799 3667 2867 bestiolae

686 2905 1011 2992 praedam.
1106 2919 1489 2988 quamquam
1536 2904 1809 2971 Babrius
1856 2903 2117 2990 insuper
2166 2911 2231 2971 et
2278 2906 2471 2970 aliam
2519 2905 2782 2971 exhibet
2854 2906 3179 2990 fabellam,
3253 2927 3419 2990 quae
3482 2906 3662 2972 initio

685 3019 784 3079 est
816 3012 1241 3079 Ps-Dositheo
1289 3012 1610 3077 simillima
1670 3049 1743 3058 —
1790 3011 1935 3079 dico
1975 3012 2281 3078 Babrium
2308 3012 2393 3077 82
2437 3050 2546 3095 —‚
2596 3019 2806 3077 tamen
2854 3014 3077 3080 ambos
3124 3020 3419 3080 auctores
3465 3013 3664 3080 artius

685 3120 1031 3186 cohaerere
1094 3118 1458 3204 negandum
1528 3119 1786 3186 videtur
1854 3139 2015 3186 esse.
2109 3126 2180 3184 ut
2249 3120 2333 3186 sit
2398 3118 2855 3184 Ps·Dositheus
2903 3120 3120 3185 Babrii
3190 3120 3659 3206 paraphrasta:

684 3228 998 3293 conflavit
1044 3227 1345 3292 Babrium
1380 3228 1465 3292 82
1513 3247 1656 3292 cum
1706 3227 1940 3292 Babrio
1978 3228 2098 3291 107
2153 3224 2486 3291 exordium
2533 3224 2657 3290 sibi
2704 3224 3086 3309 depromens
3119 3227 3365 3303 exilio,
3416 3227 3665 3293 ex‘hoc

683 3341 918 3403 cetera.
1010 3333 1079 3398 id
1126 3341 1340 3400 autem
1386 3334 1594 3418 ipsum
1642 3354 1768 3398 non
1814 3334 1935 3399 nisi
1969 3333 2268 3417 Aesopea
2314 3332 2661 3398 traditione
2708 3333 2957 3417 vulgari
3005 3332 3142 3399 sive
3190 3333 3482 3400 adhibita
3529 3335 3667 3401 sive

684 3441 944 3526 cognita
970 3441 1114 3506 fieri
1139 3448 1415 3526 poterat.
1474 3460 1606 3506 rem
1640 3460 1781 3505 cum
1815 3440 1909 3507 sic
1940 3459 2009 3506 se
2040 3439 2281 3506 habere
2314 3459 2576 3505 necesse
2609 3441 2713 3523 sit,
2759 3439 2998 3523 nesci0‚
3034 3459 3146 3505 cur
3179 3440 3665 3508 Ps·Dositheum

687 3547 903 3633 potius
950 3555 1015 3613 et
1061 3569 1101 3613 a
1149 3548 1385 3613 Babrio
1432 3554 1497 3613 et
1545 3548 1628 3613 ab
1659 3548 1915 3633 Aesopo
1963 3547 2234 3632 vulgari,
2284 3553 2462 3631 quae'
2497 3552 2595 3612 est
2639 3547 2989 3613 necessitas
3021 3543 3236 3613 valde'
3261 3547 3664 3633 complicata,

682 3675 873 3737 quam
913 3655 1091 3720 recta
1123 3655 1229 3720 via
1261 3655 1397 3720 solo
1431 3655 1513 3720 ab
1545 3653 1669 3719 hoc
1700 3654 2060 3739 profectum
2108 3674 2249 3720 esse
2296 3653 2594 3737 iudicem,
2644 3654 2763 3720 nisi
2813 3654 2981 3719 forte
3028 3674 3164 3721 sum
3213 3660 3479 3721 coactus
3526 3675 3664 3723 ver-

682 3764 904 3828 borum
952 3761 1471 3827 similitudinibus
1517 3763 1780 3846 apertis.
1876 3781 2040 3844 quae
2089 3768 2326 3842 tamen,
2395 3761 2447 3827 si
2494 3767 2642 3827 sunt
2688 3780 2933 3845 revera,
2984 3766 3050 3826 et
3095 3781 3358 3827 numero
3407 3767 3664 3828 exstant

681 3869 1038 3954 pauciores,
1106 3887 1296 3951 quam
1352 3875 1421 3932 ut
1468 3886 1550 3931 ex
1596 3868 1676 3933 iis
1723 3867 2217 3933 Ps-Dositheum
2267 3887 2407 3932 cum
2458 3867 2694 3933 Babrio
2761 3873 3107 3952 cognatum
3147 3881 3304 3934 ‘esse
3376 3874 3660 3934 statuere

681 3993 1033 4062 possumus,
1082 3981 1148 4040 et
1194 3980 1435 4057 carent,
1485 3972 1655 4056 quod
1687 3973 1832 4059 plus
1863 3973 2058 4058 valet,
2107 3975 2399 4040 omnibus
2432 3973 2737 4041 Babriani
2782 3975 3093 4041 sermonis
3134 3974 3658 4061 proprietatibus:

682 4391 687 4399 Ι
1246 4296 1547 4365 Ps-Dos
2740 4296 2954 4364 Babr
2997 4293 3142 4364 107

679 4405 799 4484 μῦς
855 4404 1074 4469 ἐπάνω
1142 4404 1410 4484 λέοντος
1479 4403 1877 4485 κοιμωμένου
1959 4403 2113 4484 ἑφή-
2225 4401 2648 4484 (κοιμωμένου
2699 4404 3054 4481 λέοντος..
3083 4449 3098 4466 .
3124 4399 3347 4481 χαίτης
3380 4403 3501 4482 μῦς
3541 4401 3662 4467 διέ-

679 4516 836 4582 λατο
890 4534 1039 4577 mus
1094 4526 1315 4597 super
1360 4513 1613 4580 leonem
1672 4512 2114 4577 dormientem
2224 4514 2464 4590 δραμεν
2511 4511 2596 4576 82
2643 4531 2684 4576 v
2723 4512 2878 4596 lsq)

676 4620 940 4684 insiluit

682 4777 789 4784 η-

890 4866 946 4933 1)
984 4865 1167 4936 Apud
1206 4866 1539 4922 Thieleium
1580 4882 1703 4937 pag
1739 4866 1826 4919 46.

888 4953 945 5021 2)
983 4953 1340 5025 Attigerunt
1390 4957 1639 5027 apologi
1676 4959 2108 5025 argumentum
2146 4952 2357 5009 Julian
2398 4954 2463 5008 in
2503 4953 2659 5023 epist
2695 4954 2731 5007 8
2771 4957 2830 5007 et
2866 4951 3066 5007 Liban
3104 4954 3166 5008 in
3205 4955 3359 5023 epist
3394 4952 3484 5008 47.

888 5045 945 5110 3)
982 5043 1271 5100 Babrium
1310 5046 1409 5100 hic
1444 5061 1482 5100 a
1521 5045 1848 5101 traditione
1884 5045 2128 5113 vulgari
2155 5044 2503 5113 discrepare
2541 5044 2683 5097 iam
2689 5042 3041 5097 observavit
3066 5042 3663 5100 Christofferssonius

675 5149 847 5204 pagg·
883 5134 954 5189 53
973 5151 1059 5204 sq.
1133 5140 1337 5190 tamen
1375 5150 1511 5190 mea
1548 5134 1793 5205 quidem
1831 5134 2132 5189 sententia
2169 5134 2232 5186 in
2290 5148 2363 5187 eo
2422 5137 2600 5200 errat,
2659 5131 2825 5201 quod
2882 5132 3284 5188 variationem
3322 5133 3485 5187 illam
3543 5147 3663 5185 non

677 5228 896 5294 poetae
934 5224 1066 5294 ipsi,
1105 5223 1212 5278 sed
1252 5224 1433 5277 alicui
1473 5224 1766 5280 attribuat
1804 5223 2066 5276 librario.
