4234 6017
2204 449 2556 504 ..21-

881 633 1113 698 obtutu
1185 632 1427 697 frustra
1492 650 1780 714 quaeras,
1853 650 2130 713 quanam
2199 631 2446 695 ratione
2516 628 2679 694 haec
2746 628 3134 696 introductio
3205 649 3348 695 cum
3420 630 3659 695 fabella
3728 631 3872 714 ipsa

887 738 1235 804 cohaereat
1260 741 1329 819 ¹).
1434 757 1517 802 an
1583 736 1704 803 hoc
1769 736 2099 802 exordium
2169 757 2321 802 casu
2389 735 2666 820 quodam
2732 737 2814 801 ab
2880 737 3091 831 alieno
3156 743 3531 819 argumento
3596 735 3681 802 ad
3749 736 3869 802 hoc

886 845 1222 911 deerrasse
1269 851 1500 930 putare
1546 843 1898 909 debemus?
1969 863 2096 926 qua
2143 844 2207 908 in
2254 842 2649 909 difficultate
2696 842 2956 909 obv'enit
3002 842 3157 908 mihi
3203 842 3515 908 scholium
3561 842 3647 908 ad
3689 843 3870 910 Euri-

888 951 1062 1038 pidis
1108 950 1401 1016 Medeam
1435 952 1567 1016 424
1615 950 1881 1031 (Sehw).
1974 957 2195 1016 cantat
2242 949 2407 1015 enim
2456 950 2521 1014 in
2552 949 2863 1036 Euripide
2909 950 3050 1034 ipso
3098 953 3160 1028 (v
3192 951 3324 1015 410
3343 952 3489 1033 sqq)
3537 949 3871 1018 mulierum

889 1058 1140 1142 choru8‚
1209 1077 1590 1140 quamquam
1661 1064 1854 1122 antea
1912 1057 2032 1123 sibi
2099 1076 2352 1142 semper
2417 1078 2456 1122 a
2522 1058 2727 1141 poetis
2792 1055 3199 1122 maledictum
3268 1057 3370 1139 sit,
3440 1063 3652 1121 tamen
3700 1077 3868 1122 nunc

899 1165 1146 1247 meritc,
1224 1170 1561 1249 postquam
1609 1165 1766 1231 Jaso
1816 1162 2109 1228 Medeam
2181 1162 2434 1248 perfide
2489 1162 2874 1245 destituerit,
2956 1163 3096 1228 vice
3172 1178 3378 1246 versa,
3456 1163 3508 1227 si
3590 1163 3912 1253 carmina}

894 1271 1145 1355 fingere
1192 1275 1472 1356 possent,
1522 1270 1801 1335 virorum
1848 1270 2174 1335 maleficia
2220 1289 2291 1336 se
2323 1275 2651 1335 notaturas
2685 1288 2842 1336 esse.
2892 1271 3120 1353 quibus
3166 1290 3310 1335 cum
3357 1270 3645 1345 versibus
3692 1269 3872 1336 scho-

889 1378 1078 1444 liasta
1145 1379 1282 1443 iure
1348 1377 1598 1443 confert
1665 1376 1747 1441 de
1818 1376 2071 1441 homine
2139 1382 2205 1441 et
2269 1377 2454 1442 leone
2518 1376 2855 1441 fabellam:
2917 1377 2995 1442 οὐ
3041 1377 3164 1455 γὰρ
3212 1377 3284 1442 ἑν
3330 1377 3603 1460 ἡμετέρᾳ
3647 1377 3867 1461 γνώμῃ

885 1487 1001 1563 τὴν
1056 1491 1171 1564 τῆς
1229 1484 1428 1564 λύρας
1494 1485 1727 1549 θέσπιν
1787 1482 2014 1562 ἀοιδὴν
2072 1483 2451 1562 ἐδωρήσατο
2508 1483 2546 1547 ὁ
2594 1482 2928 1548 Ἀπόλλων
2984 1482 3155 1548 οἷον·
3218 1483 3295 1547 οὐ
3352 1483 3626 1560 δύναταί,
3675 1485 3871 1563 ἐσμεν
3918 1490 3923 1577 ζ

885 1593 1066 1672 ἡμεῖς
1123 1592 1187 1656 αἱ
1241 1594 1541 1668 γυναῖκες
1599 1591 1925 1668 ποιήματα
1973 1588 2269 1672 γράφειν,
2331 1590 2469 1654 ἐπεὶ
2524 1590 2688 1669 τάχα
2750 1590 2832 1655 ἂν
2887 1591 2951 1654 αἱ
3006 1594 3303 1680 γυναῖκες
3361 1589 3870 1674 ἀντεκωμῴδουν

885 1700 1040 1776 τοὺς
1089 1697 1354 1780 ἄνδρας,
1403 1698 1520 1775 τὴν
1567 1699 1637 1761 δὲ
1686 1697 1936 1761 ἑαυτῶν
1981 1695 2189 1776 φύσιν
2236 1697 2540 1781 ἐπῄνουν,
2587 1696 2748 1786 κατὰ
2794 1697 2910 1762 τὸν
2958 1700 3072 1760 τοῦ
3109 1698 3375 1775 λέοντος
3419 1700 3649 1775 μῦθον·
3702 1698 3870 1762 λέων
3924 1720 3927 1723 ’

887 1805 1008 1885 γὰρ
1056 1804 1212 1869 ἰδὼν
1260 1805 1493 1868 λέοντα
1539 1803 1669 1868 ὑπὸ
1716 1801 1956 1882 ἀνδρὸς
2022 1801 2387 1881 ἀγχόμενον
2452 1804 2523 1867 ἑν
2569 1809 2809 1888 γραφῇ,
2857 1802 3067 1868 εἶπεν·
3118 1804 3221 1867 καὶ
3267 1804 3468 1883 ἡμεῖς,
3517 1803 3569 1868 εἰ
3616 1805 3871 1887 ᾔδειμεν
3927 1829 3930 1830 ἢ

886 1911 1161 1991 γράφειν
1226 1912 1327 1975 καὶ
1391 1909 1732 1991 πλάσσειν,
1790 1910 2062 1989 ἔμπαλιν
2129 1910 2209 1974 ἂν
2263 1909 2324 1973 οἱ
2390 1909 2720 1990 ἄνθρωποι
2786 1911 3068 1975 ἐτίθεντο
3135 1910 3478 1989 ἀγχόμενοι
3544 1911 3672 1975 ὑπὸ
3737 1917 3870 1976 τῶν

889 2017 1192 2082 λεόντων.
1263 2016 1415 2082 licet
1462 2017 1568 2081 ille
1615 2016 1917 2098 fabellam
1969 2035 2107 2081 cum
2162 2017 2354 2080 simili
2402 2015 2875 2082 introductione
2921 2019 3049 2081 iam
3093 2017 3496 2082 coniunctam
3530 2016 3867 2100 invenerit,
3934 2034 3937 2047 2

885 2134 1017 2207 aut,
1092 2122 1259 2207 quod
1312 2122 1716 2188 verisimilius
1763 2130 1882 2204 est,
1957 2122 2079 2187 hoc
2140 2121 2222 2187 de
2288 2142 2402 2188 suo
2468 2124 2718 2205 fecerit,
2768 2123 2835 2188 id
2903 2122 3159 2206 quidem
3207 2124 3442 2210 negari.
3482 2144 3608 2187 non
3655 2131 3869 2209 potest
3937 2115 3938 2122 '

886 2228 1207 2313 quandam
1277 2231 1727 2295 necessitatem
1798 2229 1963 2293 inter
2040 2249 2183 2294 eum
2264 2236 2329 2294 et
2406 2231 2779 2313 magistrum
2848 2229 3265 2296 intercedere.
3390 2251 3537 2294 nam
3615 2230 3867 2297 etiamsi

885 2335 1296 2403 Ps-Dosithei
1344 2334 1678 2401 exordium
1728 2335 1934 2401 minus
1982 2342 2135 2419 apte
2186 2333 2270 2401 ad
2337 2336 2619 2401 fabellae
2666 2357 2919 2402 sensum
2969 2336 3286 2418 quadrare
3334 2336 3606 2421 videtur,
3655 2325 3867 2404 tamen
3947 2414 3948 2422 ἶ

888 2444 947 2510 ei
996 2463 1138 2508 cum
1187 2443 1539 2509 scholiasta
1602 2441 1672 2507 id
1738 2462 2071 2508 commune
2139 2449 2257 2525 est,
2309 2442 2478 2525 quod
2528 2441 2700 2528 apud
2749 2449 3082 2526 utrumque
3131 2445 3428 2510 mulieres
3474 2446 3626 2510 viris
3674 2466 3872 2530 oppo-
3949 2499 3950 2502 ,

886 2556 1140 2616 uuntur.
1239 2548 1322 2615 ad
1372 2549 1550 2615 aliud
1602 2569 1757 2634 ergo
1806 2556 2250 2634 argumentum
2298 2550 2469 2615 illius
2515 2550 2905 2616 introductio
2954 2557 3127 2616 certe
3173 2572 3299 2616 non
3347 2553 3667 2637 pertinere
3713 2552 3868 2618 mihi

887 2656 1158 2723 videtur.
3317 2725 3321 2729 Α

1100 2762 1234 2828 Sed
1311 2765 1438 2828 iam
1502 2763 1633 2829 alia
1709 2783 1790 2828 ex
1867 2768 2051 2849 parte
2130 2764 2193 2828 in
2271 2783 2403 2828 rem
2472 2764 2892 2847 inquiramus!
2977 2764 3277 2830 attendas
3355 2767 3552 2831 enim:
3625 2766 3870 2852 profert

888 2869 1217 2950 fabellam,
1293 2877 1362 2935 ut
1427 2889 1530 2934 me
1607 2869 1938 2936 admonuit
1993 2869 2341 2952 ThieleiuS,
2418 2870 2639 2935 etiam*
2680 2870 2990 2953 chancer,
3058 2872 3435 2955 anglicanus
3500 2873 3609 2938 illc
3674 2874 3867 2940 medii

887 2977 1031 3041 aevi
1097 2983 1308 3061 poeta,
1376 2996 1667 3059 eamque,
1739 2975 1909 3059 quod
1976 2976 2184 3059 magis
2250 2976 2605 3042 mirandum
2672 2984 2789 3060 est,
2857 2977 2940 3042 ad
2999 2978 3266 3044 eandem
3327 2981 3464 3045 fere
3523 2981 3607 3045 ad
3678 3001 3868 3063 quam

889 3082 1217 3167 Euripidis
1263 3082 1613 3149 scholiasta
1660 3068 2157 3167 disputationem
2206 3084 2519 3150 referens:
2570 3085 2744 3150 Wife
2792 3086 2862 3151 of
2887 3084 3112 3151 Bath’s
3148 3086 3717 3171 Prologue(Skeat
3751 3089 3868 3172 IV)

887 3210 928 3255 v
960 3190 1091 3255 688
1111 3209 1260 3273 sqq:

2379 3327 2433 3391 it
2478 3327 2539 3392 is
2585 3348 2674 3392 an
2719 3329 3098 3413 impossible

1528 3432 1672 3498 that
1719 3454 1852 3518 any
1901 3434 2083 3498 clerk
2133 3436 2258 3499 wol
2303 3435 2502 3519 speke
2547 3437 2719 3521 qood
2765 3436 2850 3516 vf
2887 3458 3120 3521 wyves,

1526 3540 1641 3605 but
1691 3576 1775 3585 -
1819 3541 1890 3626 if
1926 3541 1980 3605 it
2030 3543 2105 3606 be
2153 3542 2237 3627 of
2273 3541 2428 3626 hely
2474 3545 2719 3607 seintes
2764 3544 2967 3627 lyves‚

1526 3668 1608 3712 ne
1655 3649 1740 3732 of
1773 3669 1946 3713 noon
1994 3649 2183 3714 other
2230 3670 2555 3714 womman
2602 3670 2802 3715 never
2847 3649 2952 3714 the
2999 3670 3126 3714 mo.

1528 3755 1689 3820 who
1724 3756 2139 3840 peyntede
2187 3756 2313 3820 the
2362 3756 2626 3836 leoun,
2677 3756 2765 3821 tel
2811 3779 2914 3821 me
2963 3756 3153 3821 who?

1527 3863 1613 3947 by
1656 3865 1806 3950 qod,
1855 3864 1927 3950 if
1964 3883 2285 3930 wommen
2331 3863 2552 3929 hadde
2600 3864 2834 3929 writen
2879 3866 3136 3946 stories‚

1528 3990 1606 4034 as
1651 3954 1905 4035 clerkes
1951 3972 2085 4036 Ῑιαη
2132 3971 2290 4037 with
2338 4007 2420 4016 —
2470 3973 2627 4035 inne
2674 3972 2784 4036 hir
2829 3973 3180 4054 oratorias,

1528 4078 1681 4162 they
1714 4077 1924 4143 wolde
1947 4077 2083 4141 han
2116 4078 2352 4142 writen
2384 4079 2468 4163 of
2486 4099 2639 4142 men
2671 4098 2852 4142 more
2885 4079 3334 4145 wikkednesse

1526 4183 1687 4248 than
1733 4183 1831 4248 all
1877 4184 1984 4248 the
2030 4185 2229 4248 mark
2276 4185 2359 4270 of
2395 4183 2623 4248 Adam
2669 4205 2826 4270 may
2874 4186 3195 4250 redresse.

1101 4316 1500 4382 Chaucerum
1549 4315 1654 4382 hic
1701 4316 1957 4399 quidem
2006 4316 2091 4382 ad
2140 4317 2467 4402 Euripidis
2514 4318 2822 4382 scholium
2871 4318 3080 4384 redire
3147 4325 3332 4385 extra
3398 4319 3865 4385 dubitationem

888 4422 1042 4487 mihi
1090 4422 1344 4488 videtur
1391 4442 1552 4488 esse.
1645 4428 1895 4489 tantum
1962 4443 2116 4509 ergo
2184 4426 2511 4507 quaeritur
2575 4444 2701 4507 qua
2749 4426 2873 4490 via.
2969 4425 3136 4490 hanc
3191 4432 3400 4491 autem
3461 4427 3569 4491 ille
3617 4433 3680 4491 et
3727 4427 3866 4512 ipse

888 4536 1218 4595 monstrat.
1336 4530 1725 4596 mentionem
1792 4531 1960 4595 enim
2026 4531 2187 4597 facit
2253 4531 2417 4596 inter
2485 4533 2647 4598 alios
2712 4529 3086 4617 Hieronymi
3154 4530 3463 4598 adversus
3525 4534 3866 4620 ,Iovianum

886 4636 1338 4723 disputationis
1371 4643 1436 4703 et
1468 4636 1901 4723 Theophrasti
1933 4638 2077 4705 libri
2111 4639 2353 4705 aureoli
2402 4637 2483 4704 de
2528 4639 2767 4724 nuptiis
2815 4658 2897 4704 ex
2943 4638 3054 4704 illo
3101 4638 3286 4706 nobis
3317 4641 3547 4721 noti2).
3616 4640 3865 4706 etiamsi

1101 4875 1155 4939 1)
1196 4871 1482 4929 Conferas
1520 4873 1719 4942 etiam,
1777 4874 1923 4943 quid
1962 4874 2217 4929 Rothius
2257 4874 2331 4929 de
2370 4873 2486 4929 hoc
2523 4874 2654 4929 loco
2695 4874 3057 4929 iudicaverit
3095 4890 3221 4944 pag·
3257 4874 3364 4930 540
3401 4875 3522 4928 adn
3569 4877 3655 4931 18:
3719 4874 3867 4930 Ein-

886 4960 1122 5032 leitzmq
1160 4964 1291 5017 und
1328 4962 1580 5018 Schluss
1615 4966 1722 5019 des
1757 4962 2083 5018 Dositheus
2130 4961 2297 5019 wird
2331 4979 2467 5018 vom
2505 4962 2794 5019 Lateiner
2850 4965 2978 5028 (scil
3024 4980 3061 5017 a
3099 4965 3373 5030 Romulo)
3429 4966 3865 5036 weqyelassen3

886 5054 1032 5107 man
1065 5052 1254 5122 findet
1291 5050 1392 5106 die
1431 5053 1761 5108 G'edanken
1800 5055 2126 5122 der-selben,
2183 5052 2285 5109 die
2339 5051 2472 5108 sich
2527 5055 2683 5109 auch
2736 5071 2855 5124 yar
2908 5052 3080 5109 nicht
3127 5053 3468 5109 sonderlieh
3512 5055 3865 5125 empfehlen‚

886 5142 1042 5197 auch
1079 5139 1148 5195 in
1184 5139 1392 5196 keiner
1429 5141 1504 5210 (?,
1545 5143 1651 5197 sed
1689 5144 1748 5198 cf
1767 5143 1932 5198 schol
1954 5143 2033 5198 ad
2054 5144 2241 5213 Eurip
2268 5142 2405 5198 Med
2431 5141 2558 5210 424)
2596 5140 3012 5213 griechischen
3051 5141 3383 5198 Rezension
3421 5140 3621 5197 dieser
3658 5145 3864 5200 Fabel.

1098 5231 1156 5300 2)
1194 5229 1468 5287 Chaueer
1504 5248 1586 5286 vv
1623 5232 1726 5286 671
1750 5248 1886 5302 sqq3
1926 5234 1983 5287 cf
2020 5230 2252 5288 Skeatii
2291 5237 2591 5288 comment
2632 5232 2683 5287 V
2721 5248 2889 5303 pagg·
2927 5232 3033 5286 308
3060 5248 3144 5301 sq,
3185 5232 3317 5287 eius
3360 5233 3480 5286 adn
3521 5234 3597 5287 ad
3638 5249 3720 5287 vv
3757 5234 3861 5289 221
