4234 6017
1977 434 2329 489 ...40-

657 613 935 701 prodere
981 635 1291 681 summum
1337 616 1523 681 nefas
1571 621 1686 693 est,
1757 615 2007 700 recipit,
2081 635 2226 680 cum
2276 614 2438 679 haec
2484 614 2836 679 necessitas
2882 612 3047 678 inter
3101 610 3380 678 Phaedri
3428 611 3648 676 bubul-

663 742 808 787 cum
857 728 922 787 et
970 722 1249 806 leporem
1299 728 1410 787 aut
1456 722 1720 787 Maximi
1777 721 1961 807 Tyrii
2010 741 2265 786 cervum
2313 742 2438 786 non
2486 718 2868 785 intercedat.
2961 740 3087 784 non
3134 718 3332 802 igitur
3379 723 3491 796 est,
3540 738 3652 783 cur

664 828 831 894 hanc
879 829 1259 895 varietatem
1308 829 1545 895 Babrio
1592 828 2054 895 abiudicemus.

355 968 522 1023 Babr
568 967 640 1023 84
876 949 1174 1015 Ceterum
1232 949 1406 1015 haud
1465 950 1668 1016 minus
1715 949 1797 1016 de
1861 969 2102 1015 summo
2156 955 2401 1035 vpoetae
2470 954 2740 1014 naturae
2810 967 3018 1013 rerum
3086 947 3377 1013 veritatis
3440 945 3649 1012 studio

663 1061 933 1123 testatur
997 1056 1182 1138 alter,
1252 1057 1361 1121 ubi
1407 1058 1626 1142 populi
1682 1056 1986 1123 inductae
2040 1063 2208 1140 sunt,
2257 1057 2589 1141 apologus,
2676 1054 2822 1121 dico
2881 1055 3185 1120 fabellam
3248 1053 3339 1120 de
3403 1054 3650 1119 culice

660 1169 734 1228 et
781 1168 1004 1228 tauro
1051 1161 1160 1228 84.
1252 1182 1375 1230 nee
1421 1163 1587 1229 enim
1636 1171 1831 1249 poeta
1877 1170 2117 1231 temere
2165 1163 2271 1228 hic
2320 1163 2423 1229 vel
2468 1162 2736 1229 fortuito
2774 1162 3041 1227 culicem
3088 1161 3153 1225 in
3201 1160 3474 1246 populis,
3522 1181 3650 1225 non

658 1271 788 1335 alio
835 1271 1133 1336 arborum
1181 1289 1417 1353 genere
1474 1270 1642 1337 sicut
1689 1272 2066 1354 quercubus,
2136 1271 2325 1355 fagiS,
2392 1270 2560 1355 pinis
2615 1267 2952 1334 considere
3000 1288 3069 1333 se
3116 1267 3282 1334 velle
3329 1267 3649 1333 dicentem

659 1377 849 1443 facit:
900 1378 1037 1444 v4:
1097 1379 1435 1457 καθεδοῦμ’
1479 1376 1778 1443 ἀπελθὼν
1824 1379 2139 1458 ποταμίης
2171 1375 2271 1442 ἐπ’
2319 1377 2621 1459 αἰγείρου,
2670 1375 2785 1441 sed
2818 1396 3077 1459 memor,
3134 1373 3302 1460 quod
3333 1374 3554 1461 populi
3586 1375 3649 1438 in

658 1484 861 1569 pratis
910 1484 1305 1569 potissimum
1354 1484 1454 1549 vel
1504 1485 1648 1549 aliis
1696 1484 1855 1551 locis
1919 1484 2221 1568 humidi8‚
2289 1503 2453 1567 quae
2518 1482 2712 1548 etiam
2771 1483 3044 1550 culicum
3101 1503 3222 1549 nee
3278 1503 3404 1548 non
3460 1483 3651 1547 boum

662 1589 938 1657 deliciae
986 1597 1154 1674 sunt,
1204 1610 1494 1657 crescere
1541 1591 1769 1659 solent.

365 1731 530 1785 Babr
571 1731 641 1785 79
876 1710 1310 1776 Memorabilis
1367 1711 1558 1777 etiam
1617 1718 1716 1778 est
1762 1712 1986 1777 Babrii
2042 1712 2284 1777 fabella
2331 1709 2421 1776 79
2447 1714 2518 1795 ¹),
2589 1730 2753 1793 quae
2819 1716 2918 1776 est
2965 1710 3055 1776 de
3105 1730 3298 1776 cane
3347 1729 3651 1775 carnem

661 1817 741 1883 fe
754 1837 783 1880 r
796 1837 832 1883 e
843 1838 885 1882 n
900 1823 925 1881 t
940 1838 994 1883 e.
1090 1816 1498 1883 tradiderunt
1543 1838 1715 1884 eam:

876 1976 1119 2030 Phaedr
1157 1976 1241 2030 14
1270 1976 1553 2042 =Adem
1592 1980 1654 2047 73
1714 1979 1925 2034 Theon
1967 1979 2133 2048 Prog
2168 1980 2204 2033 3
2241 1978 2458 2034 =Kor
2500 1978 2676 2047 2090,
2715 1976 2917 2047 Aphth
2944 1976 3252 2033 35=Kor
3285 1973 3455 2045 209f3
3503 1975 3654 2028 Rom

662 2065 691 2118 Ι
715 2065 781 2133 53
818 2062 1034 2135 Syntip
1072 2065 1143 2119 28
1180 2066 1396 2120 =Kor
1433 2067 1608 2134 209e3
1646 2065 2169 2137 Anonym=Kor
2204 2068 2355 2122 209ει
2393 2066 2648 2121 =209b.

878 2194 1135 2261 Inducit
1201 2201 1395 2280 poeta
1459 2216 1585 2261 una
1649 2217 1793 2262 cum
1843 2196 2132 2278 Theone,
2181 2195 2569 2281 Aphthonio,
2644 2196 2941 2263 Koraisio
3012 2215 3235 2260 canem
3306 2192 3655 2260 secundum

662 2301 932 2367 fluvium
981 2308 1234 2367 euntem
1284 2306 1350 2385 (v
1397 2304 1470 2368 2:
1536 2306 1637 2368 καὶ
1687 2307 1763 2382 δὴ
1811 2307 2040 2389 παρῄει
2088 2306 2429 2386 ποταμόν),
2495 2324 2620 2368 non
2668 2304 2832 2368 sicut
2882 2301 3213 2368 Phaedrus
3260 2323 3401 2367 eum
3450 2307 3657 2366 trana-

664 2415 924 2474 tantem.
1019 2408 1125 2474 hic
1190 2408 1446 2492 quidem
1515 2430 1668 2493 ergo
1728 2409 2113 2487 Phaedrum,
2181 2432 2306 2476 non
2381 2411 2703 2492 Babrium,
2774 2411 2855 2474 ab
2927 2410 3223 2495 Aesopea
3311 2407 3657 2473 traditione

664 2516 1111 2582 abhorrentem
1178 2515 1736 2602 deprehendimus.
1829 2517 1944 2583 sed
2015 2524 2159 2583 utut
2229 2517 2297 2582 id
2357 2524 2473 2599 est,
2541 2516 2664 2582 hoc
2736 2523 2911 2583 certe
2974 2516 3198 2599 negari
3262 2537 3387 2581 non
3444 2520 3658 2600 potest

663 2623 904 2707 graeci,
975 2643 1102 2689 non
1164 2622 1343 2688 latini
1411 2630 1645 2708 poetae
1711 2624 1940 2707 locum,
2015 2632 2090 2690 ut
2156 2626 2264 2690 uni
2330 2621 2933 2690 Christofferssonio
3003 2627 3159 2709 (pag
3205 2624 3319 2704 34)
3392 2622 3656 2707 placuit,

666 2728 1159 2815 praeferendum
1207 2750 1366 2796 esse.
1461 2736 1560 2797 est
1609 2736 1889 2796 ceterum
1944 2731 2109 2798 haec
2158 2732 2492 2797 tritissima
2539 2738 2603 2796 et
2648 2738 2836 2797 vetus
2882 2731 3243 2797 observatio
3277 2730 3400 2793 iam
3437 2750 3477 2794 a
3508 2728 3658 2793 Les-

665 2837 873 2921 singio
933 2837 1111 2903 facta
1128 2839 1200 2918 2).
1293 2837 1699 2903 manifestum
1751 2839 1915 2903 enim
1966 2846 2063 2904 est
2112 2838 2393 2905 Phaedri
2458 2859 2682 2904 canem
2750 2837 2963 2906 nando
3030 2857 3261 2920 aquam
3309 2835 3473 2901 adeo
3519 2855 3657 2920 per-

668 2944 927 3009 turbare
976 2943 1230 3027 debere,
1279 2950 1351 3009 ut
1399 2946 1684 3009 umbram
1734 2965 1916 3010 suam
1964 2947 2027 3010 in
2078 2945 2480 3031 lympharum
2530 2945 2791 3030 speculo
2839 2944 3062 3010 videre
3108 2964 3234 3009 non
3283 2943 3504 3028 possit.

874 3064 995 3129 Est
1042 3070 1256 3129 autem
1303 3064 1428 3131 hoc
1473 3065 1697 3130 Babrii
1745 3066 2092 3151 proprium.
2187 3067 2323 3133 eius
2371 3066 2548 3132 canis
2593 3085 2786 3133 carne
2820 3067 3056 3132 amissa
3087 3064 3357 3130 fluvium
3400 3065 3658 3147 insuper

668 3171 925 3236 transit:
994 3193 1033 3237 v
1079 3172 1163 3236 6:-
1223 3178 1514 3236 πεινῶσα
1582 3173 1638 3237 δ’
1661 3171 1874 3237 ὀπίσω
1922 3173 2040 3238 τὸν
2097 3175 2308 3252 πόρον
2355 3177 2601 3258 διεξῄει.
2698 3172 3332 3239 Christofferssonius
3400 3168 3656 3253 quidem

666 3276 1193 3343 Rutherfordium
1241 3281 1561 3360 secutusss)
1633 3279 1799 3344 hunc
1858 3300 2109 3346 versum
2162 3280 2420 3345 Babriio
2469 3279 2869 3345 abiudicavit
2918 3279 3017 3362 (cf
3057 3300 3186 3364 pag
3217 3280 3351 3359 34).
3444 3279 3658 3343 incon-

668 3386 920 3449 cinnum
970 3384 1138 3449 enim
1173 3405 1313 3450 esse
1347 3384 1516 3467 quod
1548 3391 1743 3470 poeta
1776 3406 2000 3451 canem
2036 3393 2100 3451 et
2134 3387 2402 3452 fluvium
2436 3391 2946 3471 praetereuntem
2982 3393 3047 3451 et
3080 3384 3658 3469 transgredientem

667 3491 935 3556 faceret.
1040 3490 1156 3557 sed
1235 3491 1395 3557 haec
1466 3492 1959 3576 argumentandi
2029 3493 2194 3559 ratio
2271 3491 2427 3557 mihi
2496 3492 2768 3558 ridicula
2840 3492 3092 3558 videtur
3178 3512 3340 3557 esse.
3462 3492 3656 3555 immo

666 3596 1026 3683 postulatur
1075 3597 1179 3664 hic
1225 3618 1444 3665 versus
1490 3620 1615 3664 non
1663 3599 1864 3665 solum
1912 3600 2196 3665 fabellae
2245 3605 2619 3683 argumento
2667 3600 2830 3684 ips0,
2887 3599 3003 3665 sed
3051 3600 3110 3664 ei
3158 3600 3417 3684 insuper
3463 3598 3658 3662 infert

670 3703 1041 3769 vividiorem
1093 3705 1411 3788 quendam
1470 3707 1768 3772 colorem.
1862 3706 1977 3772 sed
2027 3706 2324 3773 attende:
2419 3706 2598 3772 canis
2664 3726 2919 3772 carnem
2985 3706 3236 3771 furatus
3301 3712 3400 3771 est
3456 3708 3522 3786 (v
3577 3707 3656 3784 1).

670 3832 811 3877 enm
860 3832 1039 3896 ergo,
1109 3833 1234 3896 quo
1282 3813 1540 3880 facilius
1598 3820 2053 3898 persequentes
2120 3814 2417 3898 effugiat,
2484 3814 2748 3879 alteram
2815 3813 3098 3879 fluminis
3163 3815 3367 3899 ripam
3436 3817 3658 3897 petere

670 4080 846 4120 versa
884 4066 983 4120 illc
1020 4066 1099 4120 ab
1138 4067 1270 4132 hoc,
1296 4067 1346 4119 si
1370 4064 1779 4120 intercederet
1804 4080 2020 4119 revera
2058 4066 2215 4120 inter
2255 4081 2355 4122 eos
2383 4065 2682 4134 quaedam
2712 4066 3057 4132 necessitas,
3098 4066 3393 4133 originem
3434 4064 3659 4117 ducere

671 4158 893 4224 posset.
967 4154 1076 4209 sed
1114 4155 1390 4209 attende:
1444 4154 1679 4208 inducit
1721 4153 2036 4209 Koraisius
2076 4154 2227 4209 1271>
2265 4161 2388 4210 tres
2425 4169 2749 4225 personas:
2791 4154 3052 4224 vulpem,
3091 4154 3434 4223 lignarium,
3474 4168 3658 4205 vena-

671 4247 882 4311 torem,
917 4243 1217 4298 Maximus
1239 4243 1461 4315 'I'yrius
1501 4248 1704 4298 autem
1745 4248 2034 4312 quattuor
2071 4245 2133 4298 in
2175 4245 2387 4313 hisque
2425 4249 2573 4298 tres:
2629 4244 2880 4311 leonem,
2921 4258 3187 4311 cervum,
3225 4242 3558 4297 bubulcum
3598 4242 3660 4293 et

669 4333 832 4401 ipsas
871 4347 1122 4401 prorsus
1161 4333 1580 4400 abhorrentem
1620 4333 1866 4402 vulpem
1910 4338 2113 4388 autem
2152 4334 2241 4401 iis,
2283 4348 2436 4403 quas
2475 4334 2619 4402 agit,
2658 4333 2950 4401 partibuS.
3026 4332 3144 4385 huc
3182 4331 3436 4395 accedit,
3494 4329 3660 4398 quod

669 4421 836 4491 apud
875 4436 1013 4476 eum
1055 4437 1272 4477 cervus
1311 4438 1349 4476 a
1388 4422 1652 4477 bubulco
1692 4426 1902 4491 petere
1942 4423 2175 4488 omittit,
2236 4426 2305 4476 ut
2343 4437 2407 4476 se
2447 4421 2634 4475 abdat
2672 4437 2830 4476 neve
2888 4421 3208 4475 latibulum
3264 4435 3440 4474 suum
3499 4418 3658 4472 leoni

669 4510 905 4580 prodat.
982 4526 1141 4581 quae
1204 4527 1386 4581 quam
1446 4513 1510 4565 in
1573 4512 1747 4580 peius
1805 4525 1989 4565 versa
2033 4512 2153 4565 sint
2209 4515 2481 4581 apparet.
2557 4527 2669 4566 nec
2725 4512 2882 4565 enim
2924 4510 3227 4565 bubulcus
3282 4509 3380 4563 hic
3435 4512 3542 4563 aut
3597 4508 3657 4560 in

670 4600 909 4669 hospitii
948 4601 1043 4655 ius
1082 4605 1189 4655 aut
1229 4601 1493 4668 omnino,
1532 4615 1669 4655 cum
1709 4600 1856 4654 nihil
1895 4601 2251 4669 promiserit,
2289 4604 2517 4669 peccat.
2594 4601 2689 4654 leo
2731 4600 2952 4654 deinde
2990 4599 3241 4653 bubulci
3298 4603 3453 4652 nutu
3490 4596 3658 4650 intel·

669 4691 825 4744 lecto
866 4705 1114 4744 cervum
1153 4691 1329 4760 rapit,
1370 4688 1535 4759 quod
1572 4689 1739 4743 haud
1766 4690 1963 4744 minus
1990 4688 2466 4759 vituperandum
2495 4694 2602 4757 est,
2643 4703 2778 4743 cum
2807 4689 2883 4743 ob
2911 4688 2973 4742 id
3001 4690 3181 4742 etiam
3210 4702 3431 4741 novam
3460 4686 3659 4755 vulpis

670 4794 986 4848 personam
1024 4781 1088 4833 in
1124 4779 1411 4833 fabellam
1448 4779 1742 4833 inducere
1779 4779 2192 4833 necessarium
2229 4779 2320 4833 sit.
2378 4782 2469 4832 est
2508 4793 2659 4847 ergo
2699 4778 2834 4832 luce
2872 4777 3094 4832 clarius
3117 4776 3466 4831 Koraisium
3490 4773 3659 4842 1271),

668 4870 729 4922 in
771 4883 912 4938 quo,
951 4884 1059 4923 cur
1098 4869 1391 4934 offendaS,
1429 4869 1536 4922 vix
1575 4869 1819 4935 habeas,
1862 4867 1941 4921 ad
1980 4867 2311 4921 Maximum
2350 4868 2602 4936 Tyrium
2643 4866 2823 4936 plane
2859 4865 3250 4934 inconditum,
3298 4865 3499 4919 redire
3536 4879 3660 4918 non

671 4959 864 5027 pesse.

889 5046 943 5114 1)
980 5046 1130 5102 Vide
1169 5063 1339 5117 pagg
1378 5047 1446 5102 10
1465 5062 1552 5116 sq.

887 5136 944 5202 2)
975 5135 1064 5190 XI
1103 5151 1228 5206 pag·
1269 5135 1371 5191 105
1410 5135 1657 5190 Lachm.

886 5225 943 5293 3)
981 5225 1051 5280 In
1090 5226 1298 5280 Babrii
1339 5226 1603 5281 editione
1642 5224 1918 5289 (London
1960 5224 2139 5291 1883).
2213 5228 2378 5279 recte
2416 5224 2665 5279 retinuit
2702 5239 2947 5279 versum
2986 5221 3252 5279 Crusius.
