4234 6017
2205 441 2558 495 ...39-

2809 619 3085 697 ρίστησα
3118 618 3199 682 ἄν
3234 634 3359 700 σοι,
3410 619 3463 683 εἰ
3484 625 3622 698 τοῖς
3653 622 3873 700 λόγοις
3936 616 3939 633 ³

2805 725 2995 804 ὅμοια
3040 725 3120 789 τὰ
3156 725 3311 804 ἔργα
3354 728 3455 790 καὶ
3502 731 3616 805 τῆς
3661 730 3875 807 χειρὸς
3938 744 3941 751 '

2806 832 3090 910 τρόπους
3139 830 3373 911 εἶχες.“
3421 835 3551 897 κτλ.

1097 967 1334 1046 Qualia
1380 974 1446 1033 et
1495 973 1735 1050 quanta
1781 972 2012 1051 poetae
2059 966 2260 1050 ipsius
2324 965 2582 1049 ingenio
2647 963 3012 1029 addicenda
3076 965 3226 1048 sint,
3296 985 3375 1030 ne
3445 965 3550 1031 hic
3616 967 3875 1049 quidem
3943 991 3944 994 ¹

885 1077 1225 1141 obscurum
1275 1080 1389 1139 est.
1485 1094 1632 1138 nam
1681 1095 1825 1138 raro
1872 1111 1960 1122 —-
2008 1072 2330 1138 mehercle
2381 1109 2463 1119 —-
2511 1073 2807 1138 fortunae
2856 1073 3078 1137 favore
3124 1071 3236 1136 illa
3307 1072 3450 1157 ipsa
3519 1071 3875 1139 'narratiun-
3944 1114 3947 1117 ·

885 1183 1030 1247 cula
1079 1181 1183 1248 vel
1233 1181 1316 1245 ad
1368 1182 1505 1245 eius
1552 1181 1883 1264 exemplar
1932 1181 2094 1245 ficta
2142 1180 2208 1244 in
2257 1180 2550 1244 manibus
2598 1185 2720 1257 est,
2765 1178 2849 1244 ad
2899 1198 3087 1260 quam
3138 1178 3411 1244 Babrius
3459 1179 3647 1245 redit.
3728 1180 3875 1246 dico

884 1289 1168 1356 Koraisii
1214 1289 1456 1354 formas
1504 1287 1836 1373 pedestres
1890 1289 2058 1352 127ει
2109 1291 2212 1368 (=
2245 1306 2378 1371 pag
2402 1286 2559 1363 329)
2624 1293 2689 1351 et
2740 1282 2915 1350 1271)
2964 1284 3127 1350 adeo
3186 1305 3312 1350 non
3361 1286 3524 1350 inter
3570 1306 3639 1352 se
3686 1286 3876 1352 diffe·
3948 1370 3951 1373 ἦ

883 1403 1114 1478 rentes,
1183 1403 1254 1460 ut
1299 1396 1439 1460 fere
1486 1417 1603 1480 pro
1671 1413 1799 1459 una
1845 1392 2184 1458 habendae
2231 1393 2380 1458 sint.
2476 1412 2633 1474 quas
2695 1391 2975 1475 quidem,
3018 1384 3187 1456 >cum
3237 1385 3614 1476 argumento
3683 1393 3875 1478 plane

883 1503 1018 1568 fere
1069 1524 1211 1568 cum
1259 1508 1456 1588 poeta
1504 1507 1882 1585 congruant,
1931 1501 2241 1566 sermonis
2288 1505 2500 1564 autem
2537 1499 2843 1564 Babriani
2891 1499 3080 1563 nullis
3126 1500 3484 1583 permixtae
3531 1500 3656 1564 sint
3687 1500 3876 1565 vesti·
3950 1484 3953 1487 ⁴

883 1611 1029 1693 giis,
1079 1630 1203 1674 non
1252 1616 1383 1674 tam
1436 1607 1653 1672 Babrii
1701 1607 2205 1691 paraphrasibus
2252 1605 2651 1687 asserendas,
2701 1625 2889 1687 quam
2941 1611 3118 1670 recta
3159 1607 3265 1669 via
3300 1625 3381 1670 ex
3415 1605 3639 1671 eadem
3677 1606 3875 1691 stirpe
3952 1602 3955 1605 ’

883 1718 1075 1794 atque
1122 1718 1355 1796 poetae
1413 1710 1698 1775 fabulam
1759 1707 2088 1775 derivatas
2164 1728 2305 1775 esse
2372 1727 2745 1793 persuasum
2818 1707 3028 1774 habeo
3049 1710 3119 1789 ¹).
3222 1706 3322 1772 his
3396 1707 3595 1791 igitur
3652 1709 3875 1775 formis

883 1819 1018 1883 nixi
1075 1818 1377 1883 distincte
1427 1816 1783 1882 diiudicare
1830 1836 2190 1901 possumus,
2242 1836 2400 1898 quas
2445 1817 2727 1880 rationes
2775 1815 3050 1880 Babrius
3097 1819 3353 1879 secutus
3400 1814 3643 1880 fontem
3693 1835 3873 1881 suum
3956 1843 3959 1870 ÷

884 1924 1252 1990 variaverit.
2237 1993 2243 1998 ,

1092 2030 1278 2108 Quod
1326 2031 1433 2095 ille
1482 2030 1587 2096 hic
1635 2030 1896 2113 quidem
1945 2051 2072 2095 non
2110 2031 2234 2095 nisi
2267 2050 2391 2095 uno
2424 2030 2565 2094 loco
2603 2029 2758 2095 fecit
2793 2049 3003 2111 neque
3037 2049 3113 2094 eo
3145 2005 3353 2093 fninus
3385 2048 3563 2094 suum
3604 2036 3873 2108 naturae
3961 2094 3963 2096 ,

880 2138 1158 2203 studium
1194 2138 1540 2222 professus.
1619 2156 1739 2203 nec
1773 2137 1939 2201 enim
1977 2157 2130 2202 casa
2178 2136 2474 2219 (καλύβῃ)
2523 2135 2689 2201 sicut
2722 2138 3036 2220 Aesopus,
3087 2135 3202 2201 sed
3249 2137 3627 2222 populorum
3675 2157 3876 2221 nuper
3962 2202 3965 2209 ἶ

883 2264 1211 2311 caesarum
1263 2246 1560 2327 congerie
1608 2244 1996 2327 lignatorem
2045 2244 2302 2329 vulpem
2351 2241 2697 2308 abdentem
2747 2241 3029 2308 induxit:
3099 2265 3138 2307 v
3172 2245 3245 2308 4:
3312 2243 3563 2323 κρύψον
3610 2265 3683 2322 με
3730 2244 3872 2308 ταύ-
3964 2310 3967 2332 ξ

881 2373 1040 2433 ταις,
1091 2351 1193 2430 αἷς
1226 2351 1470 2429 ἔκοψας
1507 2351 1831 2429 αἰγείροις.
1890 2371 2018 2432 qua
2064 2349 2443 2416 felicissima
2490 2350 2847 2433 variatione
2895 2349 3218 2434 duplicem
3267 2351 3545 2415 correxit
3592 2351 3873 2416 auctoris
3964 2339 3967 2341 Ὗ

883 2457 1196 2523 duritiem.
1288 2478 1434 2522 nam
1481 2457 1754 2542 primum
1803 2457 2061 2540 quidem
2113 2477 2211 2539 e0,
2262 2455 2434 2538 quod
2469 2455 2873 2540 vulpeculam
2919 2456 3316 2540 potissimum
3364 2456 3428 2520 in
3471 2461 3869 2541 populorum,
3968 2498 3971 2539 ξ

880 2586 1006 2630 non
1055 2565 1318 2630 alterius
1366 2565 1623 2648 generis
1670 2566 1965 2630 arborum
2000 2569 2175 2629 strue
2224 2583 2292 2628 se
2327 2562 2826 2628 abscondentem
2875 2562 3056 2646 facit,
3107 2569 3310 2628 totum
3345 2563 3626 2628 fabellae
3658 2571 3869 2627 actum
3968 2540 3971 2609 l

886 2691 921 2735 e
971 2671 1135 2737 silva
1184 2670 1509 2736 condensa
1555 2671 1622 2735 in
1669 2690 1930 2755 campos
1979 2675 2238 2754 apertos
2286 2669 2631 2734 transtulit.
2725 2669 2956 2734 vitavit
3026 2689 3181 2752 ergo
3252 2669 3420 2734 hanc
3484 2671 3871 2735 inconcinni-

884 2783 1114 2842 tatem:
1184 2777 1430 2862 vulpeS,
1480 2779 1602 2858 cui,
1653 2777 1803 2842 dum
1851 2797 1966 2861 per
2013 2777 2241 2841 silvam
2289 2777 2477 2860 fugit,
2544 2776 2743 2840 multa
2789 2781 3012 2859 patent
3059 2776 3351 2857 latibula,
3424 2776 3621 2842 nihilo
3670 2778 3869 2841 setius

885 2883 1194 2948 naturalis
1260 2903 1412 2948 suae
1485 2882 1858 2947 calliditatis
1905 2902 2026 2947 nec
2075 2902 2202 2947 non
2272 2881 2593 2946 hominum
2665 2881 3026 2949 timiditatis
3091 2884 3420 2948 immemor
3465 2905 3505 2948 a
3552 2883 3869 2967 lignatore

885 2990 1191 3054 auxilium
1237 2991 1420 3075 petit.
1514 2989 1643 3053 iam
1714 2988 1889 3074 apud
1937 2988 2243 3054 Babrium
2290 2990 2354 3053 in
2403 3007 2697 3073 campum
2765 3008 3026 3072 egressa
3083 2989 3241 3053 nihil
3308 2989 3480 3055 aliud
3556 2989 3871 3074 conspicit

886 3096 1006 3160 nisi
1054 3095 1397 3179 lignarium
1446 3095 1620 3160 illum
1668 3096 1938 3180 populos
1986 3094 2069 3159 ad
2120 3083 2360 3160 flumen
2409 3094 2807 3160 caedentem.
2900 3095 3058 3178 ligni
3108 3100 3318 3161 autem
3369 3105 3624 3182 ⁸struem
3675 3102 3869 3181 poeta

885 3209 1058 3268 certe
1107 3223 1186 3268 ea
1233 3223 1428 3268 causa
1477 3203 1708 3289 intulit,
1760 3201 1930 3284 quod
1980 3202 2330 3286 lignatores
2377 3201 2443 3265 in
2491 3203 2824 3267 arboribus
2873 3201 3220 3269 caedendis
3270 3219 3469 3287 prope
3518 3201 3602 3267 ad
3651 3223 3866 3267 casam

882 3328 1058 3374 suam
1109 3330 1367 3375 manere
1414 3329 1536 3374 non
1587 3315 1869 3394 possunt,
1919 3308 2033 3374 sed
2081 3310 2326 3388 creb1·‚o
2395 3316 2466 3374 ut
2512 3329 2766 3425 semper
2813 3309 3055 3392 eligant
3102 3316 3358 3376 truncos
3405 3311 3684 3374 maxime
3730 3309 3862 3373 ido-

883 3437 1055 3499 neos,
1105 3416 1358 3500 longius
1404 3418 1486 3481 ab
1535 3436 1614 3481 ea
1660 3415 2011 3482 abscedere
2058 3415 2316 3482 debent.

1094 3524 1397 3590 Fortasse
1444 3544 1609 3588 nunc
1659 3524 1978 3608 quispiam
2026 3522 2264 3588 dixerit
2308 3522 2580 3607 populos
2628 3521 2882 3604 quidem
2934 3528 3108 3586 certe
3160 3543 3198 3586 a
3249 3522 3485 3586 Babrio
3549 3522 3689 3606 ipso
3755 3523 3869 3586 fic-

885 3637 987 3696 tas
1035 3650 1190 3717 esse,
1256 3631 1414 3713 ligni
1463 3638 1672 3696 autem
1722 3636 1958 3695 struem
2009 3630 2297 3716 proxime
2348 3627 2432 3693 ad
2481 3627 2951 3692 Phaedrianum
3012 3650 3280 3713 veprem
3326 3628 3428 3692 vel
3477 3627 3558 3692 ad
3607 3629 3869 3693 Maximi

884 3737 1067 3822 Tyrii
1115 3733 1416 3817 δρύμῶνα
1465 3738 1665 3818 βαθύν
1727 3736 2060 3803 accedere.
2157 3751 2541 3819 quamquam
2600 3734 2723 3799 hoc
2782 3735 2987 3820 primo
3054 3735 3276 3799 obtutu
3347 3735 3538 3800 valde
3608 3735 3868 3818 arridet,

883 3839 1092 3909 tamen
1142 3844 1433 3911 subtilius
1481 3844 1828 3927 inquirenti
1875 3864 2134 3929 prorsus
2181 3843 2576 3910 reiciendum
2626 3839 2742 3911 est.
2836 3843 3028 3908 immo
3089 3842 3429 3927 apparebit
3459 3841 3679 3907 Babrii
3714 3842 3868 3925 ligni

883 3952 1243 4034 congeriem
1292 3972 1518 4018 revera
1557 3953 1756 4017 multo
1790 3953 1998 4035 magis
2044 3951 2131 4017 ad
2165 3953 2443 4018 Koraisii
2484 3953 2602 4016 127
2622 3949 2742 3991 δεῖ)
2792 3971 3028 4034 casam,
3079 3971 3266 4033 quam
3316 3949 3399 4014 ad
3447 3950 3698 4014 illorum
3747 3951 3870 4015 vir-

880 4058 1062 4139 gulta
1107 4063 1421 4144 spectare.
1516 4065 1614 4125 est
1662 4060 1829 4123 enim
1877 4059 2041 4122 baec
2073 4078 2317 4123 summa
2351 4059 2661 4124 intereos
2695 4057 3090 4140 differentia,
3142 4056 3311 4139 quod
3357 4056 3531 4141 apud
3567 4057 3868 4121 Babrium

882 4165 1192 4246 lignarius
1241 4164 1399 4247 ligni
1448 4172 1684 4230 struem
1731 4166 1898 4229 sicut
1945 4184 2161 4229 casam
2195 4166 2260 4228 in
2295 4164 2593 4229 Koraisio
2634 4166 2753 4228 127
2773 4162 2900 4204 ²²¹³
2934 4171 3003 4227 ut
3038 4184 3214 4228 suam
3250 4162 3556 4248 possidet,
3591 4164 3869 4228 Phaedri

883 4277 1094 4336 autem
1144 4278 1208 4336 et
1255 4271 1519 4336 Maximi
1567 4272 1750 4357 Tyrii
1801 4271 2112 4336 bubulcus
2163 4292 2286 4336 non
2334 4272 2456 4336 nisi
2502 4272 2766 4336 fortuito
2814 4271 3020 4336 feram
3068 4271 3131 4334 in
3182 4270 3461 4336 cuiusvis
3510 4270 3867 4335 drumetum

882 4379 1265 4462 irrepentem
1314 4376 1580 4456 videt2).
1674 4377 1809 4443 illic
1856 4398 2011 4461 ergo
2061 4377 2370 4461 lignarius
2430 4377 2681 4462 vulpem
2731 4376 2904 4461 apud
2952 4396 3022 4442 se
3069 4375 3236 4459 sicut
3282 4375 3619 4461 hospitem,
3681 4397 3866 4460 quem

1094 4591 1148 4658 1)
1187 4590 1410 4645 Eodem
1458 4589 2052 4646 Christofferssonius
2091 4590 2203 4643 etsi
2242 4589 2489 4643 aliunde
2530 4590 2837 4657 profectus
2893 4589 3191 4658 pervenit,
3249 4601 3384 4641 cum
3433 4585 3578 4638 dicit
3622 4600 3745 4653 pag
3769 4584 3863 4638 45:

883 4694 1015 4734 eam
1054 4679 1250 4749 [Halm
1288 4680 1358 4735 35
1396 4681 1488 4748 (=
1510 4680 1637 4734 Kor
1676 4677 1864 4747 1271>ss
1905 4676 2337 4748 paraphrasin
2377 4694 2503 4733 esse
2545 4676 2898 4732 Babrianae
2954 4693 3025 4732 ea
3081 4692 3272 4731 causa
3326 4674 3462 4730 iure
3517 4674 3869 4744 neqandum

883 4781 1008 4821 esse
1046 4784 1270 4837 cens-60,
1308 4770 1474 4839 quod
1510 4770 1753 4838 vulpem
1793 4769 1853 4821 ἑν
1889 4774 1960 4836 τῇ
2000 4769 2213 4836 καλύβῃ
2260 4769 2538 4821 latentem
2578 4782 2617 4820 a
2655 4765 2868 4821 ceteris
2896 4807 2908 4819 .
2936 4805 2949 4819 .
2979 4804 2990 4818 .
3030 4765 3361 4819 abhorrens
3395 4762 3569 4835 facit.

1098 4857 1156 4924 2)
1194 4857 1309 4911 Hic
1346 4858 1682 4913 notandum
1739 4873 1873 4912 esse
1910 4862 2059 4927 puto
2112 4855 2656 4911 Christofferssonii
2711 4869 2977 4909 errorem
3037 4854 3487 4924 gravissimum,
3546 4853 3650 4921 qui
3689 4867 3867 4922 argu·

882 4946 1099 5000 mentis
1161 4948 1339 5015 plane
1404 4949 1578 5001 vanis
1642 4949 1809 5001 nisus
1872 4947 1953 5012 (cf
1990 4961 2114 5015 pag
2140 4945 2231 5012 46)
2292 4943 2634 4998 Koraisium
2679 4943 2826 4999 1271>
2882 4943 2961 4997 ad
3016 4942 3261 4996 Maximi
3300 4942 3468 5012 Tyrii
3527 4942 3623 4995 vel
3687 4937 3866 4996 hui‘us

882 5035 1160 5088 simillimi
1201 5037 1508 5106 exemplar
1545 5038 1753 5090 fictum
1794 5051 1926 5090 esse
1966 5035 2174 5089 voluit.
2242 5034 2396 5088 adeo
2438 5034 2595 5088 enim
2637 5034 2733 5087 hic
2760 5034 2835 5087 ab
2876 5033 2976 5087 illo
3006 5037 3066 5086 et
3090 5033 3366 5102 personis
3404 5036 3463 5086 et
3503 5036 3865 5099 argumento

884 5124 1085 5191 distat,
1122 5128 1190 5178 ut
1228 5140 1305 5179 ne
1348 5126 1589 5179 artioris
1631 5126 1875 5195 quidem
1914 5125 2299 5194 cognationis
2338 5124 2601 5193 vestigia
2640 5128 2994 5194 appareant.
3073 5122 3397 5193 plurimum
3444 5124 3648 5174 autem
3687 5120 3866 5187 valet,

884 5213 1048 5282 quod
1070 5213 1366 5269 Maximus
1399 5215 1623 5284 Tyrius
1660 5214 1936 5269 Koraisio
1961 5211 2112 5268 1271>
2152 5214 2338 5268 multo
2380 5217 2469 5268 est
2499 5213 2779 5268 deterior.
2837 5227 2956 5266 non
2996 5227 3143 5282 ergo
3184 5211 3280 5264 hic
3320 5210 3398 5263 ab
3435 5209 3549 5278 illo,
3588 5209 3690 5263 sed
3731 5210 3866 5262 vice
