4234 6017
2137 418 2485 481 ..49-

818 605 1038 679 denda,
1095 608 1363 680 sumpsit
1408 602 1674 664 laborem
1729 606 1856 663 oris
1909 604 2012 662 sui
2066 607 2120 661 et
2176 603 2457 660 dentibus
2512 620 2728 660 nervos
2783 602 2975 673 coepit
3032 617 3234 661 secare
3287 607 3342 660 et
3379 598 3593 662 lamare
3639 598 3798 662 artis

817 700 991 757 illius
1011 698 1299 770 ingenia.
1373 698 1462 754 sie
1497 714 1636 753 mus
1674 699 1902 753 leonem
1939 697 2185 765 captum
2222 695 2480 750 liberum
2521 692 2697 750 silvis
2731 694 3017 750 restituit.

1910 1003 2094 1062 Babr
2132 1001 2225 1061 82
2247 1009 2334 1070 (--
2354 1020 2402 1060 v
2429 1002 2494 1074 3)
2516 1008 2576 1071 -f-
2602 1001 2727 1063 10¹7

819 1153 905 1221 82,
946 1152 1111 1206 1-3:
1176 1149 1534 1215 Κοιμωμένου
1560 1147 1790 1210 λέοντος
1825 1145 2024 1213 ἀγρίης
2059 1144 2256 1212 χαίτης
2363 1147 2564 1210 χειλῶν
2602 1145 2720 1209 ἅλις
2756 1150 2892 1199 σῶν.
2934 1146 3072 1201 ἀλλὰ
3108 1147 3384 1215 λίσσομαι,
3420 1149 3640 1217 φείδου.

822 1243 1112 1309 διέδραμεν
1153 1244 1280 1305 μῦς·
1320 1240 1351 1291 ό
1390 1239 1451 1291 δέ
1487 1238 1633 1292 λέων
1671 1237 1956 1303 ἐθυμώθη,
2362 1234 2500 1298 ἴσως
2537 1234 2695 1301 χάριν
2734 1248 2822 1288 σοι
2859 1236 3030 1303 τήνδε
3070 1238 3260 1304 μικρὸς
3296 1238 3378 1290 ῶν
3414 1238 3607 1292 τίσω.“

823 1330 1014 1400 φρίξας
1052 1331 1112 1383 δέ
1149 1328 1347 1394 χαίτην
1384 1328 1547 1394 ἔθορε
1585 1327 1851 1393 φωλάδος
1887 1324 2078 1391 κοίτης
2097 1362 2254 1380 .....
2362 1323 2601 1388 γελάσας
2638 1322 2688 1376 δ’
2726 1324 2758 1376 ό
2796 1325 2906 1391 θὴρ
2943 1330 3159 1392 παρῆκε
3196 1328 3297 1379 τὸν
3336 1327 3526 1395 ἱκέτην
3563 1330 3745 1384 Ζώειν.

822 1421 951 1474 107:
1008 1419 1181 1472 Λέων
1217 1418 1494 1484 ἀγρεύσας
1533 1420 1639 1482 μῦν
1669 1416 1861 1479 ἔμελλε
1900 1413 2219 1481 δειπνήσειν
2241 1427 2252 1440 ·
2364 1416 2452 1466 καὶ
2490 1417 2885 1481 φιλαγρευταῑς
2922 1416 3185 1479 ἐμπεσὼν
3221 1416 3534 1482 νεηνίσκοις

710 1514 715 1518 ’
819 1511 851 1563 ό
889 1508 937 1562 δ’
974 1507 1236 1573 οἰκότριψ
1274 1507 1439 1571 κλὼψ
1481 1505 1647 1569 ἐγγὺς
1684 1505 1766 1557 ὢν
1806 1505 1982 1571 μόρου
2020 1503 2254 1572 τλήμων
2362 1502 2673 1569 ἐδικτυώθη
2712 1506 2801 1555 καὶ
2839 1506 3073 1570 σφαλεὶς
3108 1505 3432 1573 ἐδεσμεύθη.

814 1600 1062 1652 τοιοῖσδε
1100 1597 1298 1664 μύθοις
1334 1594 1547 1648 ἱκέτευε
1585 1594 1689 1646 τόν
1727 1597 1897 1660 θῆρα·
2365 1594 2398 1644 ό
2437 1596 2539 1657 μῦς
2577 1592 2638 1644 δέ
2674 1592 2853 1661 λάθρῃ
2891 1598 3143 1660 χηραμοῦ
3182 1594 3570 1663 προπηδήσας,

822 1688 1100 1756 ,ἐλάφους
1123 1687 1323 1752 πρέπει
1349 1698 1438 1738 σοι
1477 1686 1566 1736 καὶ
1599 1683 1989 1750 κερασφόρους
2013 1682 2259 1747 ταύρους
2366 1682 2604 1748 στερρόν
2639 1683 2689 1735 τ’
2729 1682 2927 1736 ὀδοῦσι
2966 1684 3333 1749 βραχυτάτοις
3372 1685 3572 1752 βρόχον
3619 1686 3806 1753 κείρας

817 1780 1081 1844 θηρῶντα
1118 1776 1294 1841 νηδὺν
1333 1773 1496 1840 σαρκί
1532 1774 1672 1841 τῇδε
1709 1771 1970 1826 πιαίνειν·
2370 1771 2533 1824 ἔλυσε
2570 1769 2673 1823 τὸν
2695 1771 2933 1838 λέοντα,
2969 1777 3073 1825 τοῦ
3110 1773 3177 1826 τό
3212 1777 3338 1840 φῶς
3374 1774 3573 1839 βλέψαι

820 1866 953 1930 μυὸς
991 1865 1055 1919 δέ
1093 1866 1320 1917 δεῖπνον
1358 1860 1478 1915 οὐδ’
1519 1862 1708 1928 ἄκρων
1746 1862 2055 1927 ἐπιψαῦσαι
2369 1860 2595 1914 ἐπάξιον
2632 1860 2765 1924 δοὺς
2804 1861 3002 1926 μισθόν
3040 1861 3476 1928 ἀντιζωγρήσας.

1295 2360 1399 2426 De
1445 2361 1760 2427 murium
1809 2360 1883 2425 et
1929 2359 2401 2428 mustelarum
2449 2361 2646 2428 bello
2698 2362 2791 2443 (cf
2839 2383 3018 2447 pagg
3071 2362 3172 2444 18,
3223 2365 3337 2445 41)

2093 2526 2351 2584 Ps-Dos
2396 2525 2542 2600 3(·7)

817 2684 972 2749 Μῦες
1027 2684 1392 2751 ὀργιζόμενοι,
1454 2683 1542 2737 ὅτι
1592 2684 1703 2736 ὑπὸ
1764 2684 1956 2747 γαλῶν
2013 2682 2254 2744 ἑαυτοὺς
2363 2680 2576 2735 Mures
2612 2676 2944 2747 indiynati,
2973 2680 3140 2750 quod
3178 2696 3216 2733 a
3254 2678 3529 2734 mustelis
3573 2695 3635 2735 se
3674 2695 3815 2734 con·

818 2772 1209 2828 ἀναλίσκεσθαι
1272 2775 1525 2839 ἔβλεπον,
1596 2772 1808 2838 ὥρισαν
1877 2774 1996 2834 μετ’
2062 2772 2254 2824 αὐτῶν
2364 2767 2529 2823 sumi
2553 2766 2857 2837 videbant,
2877 2770 3227 2824 statuerunt
3246 2784 3385 2823 cum
3408 2766 3495 2823 eis
3505 2784 3815 2839 puqnare.

817 2867 1156 2917 πυκτεῦσαι·
1212 2867 1517 2929 τοιγαροῦν
1555 2859 1831 2926 ἐποίησαν
1869 2861 2091 2924 ἑαυτοῖς
2130 2859 2257 2925 ήγε-
2365 2855 2573 2927 itaque
2610 2857 2890 2927 fecerunt
2927 2854 3048 2910 sibi
3089 2857 3287 2925 duwe,
3335 2873 3486 2927 quos
3522 2858 3607 2912 ad
3643 2856 3814 2912 nobi-

819 2952 1011 3017 μόνας,
1062 2951 1162 3014 οὓς
1215 2951 1357 3017 πρὸς
1408 2949 1684 3016 ἐπίσημον
1720 2950 1976 3016 χρυσέοις
2030 2949 2257 3015 κέρασιν
2369 2944 2602 3000 litatem
2640 2942 2850 3000 aureis
2887 2943 3179 2999 cornibus
3215 2948 3612 3015 ornaverunt,
3652 2949 3707 3000 et
3743 2950 3816 3002 de

819 3029 1158 3107 ἐκόσμησαν,
1199 3042 1289 3093 καὶ
1327 3038 1588 3106 ἐξαπίνης
1635 3041 1813 3106 μάχης
1850 3036 2260 3104 συμβληθείσης
2324 3049 2351 3089 5
2382 3033 2580 3089 subito
2613 3050 2835 3105 puy‘na
2874 3031 3201 3088 commissa
3255 3051 3457 3089 mures
3501 3037 3819 3107 fugerunt.

818 3135 951 3195 μῦες
1017 3130 1259 3196 ἔφυγον·
1311 3127 1364 3182 οί
1416 3128 1689 3194 ἡγεμόνες
1743 3128 1848 3182 οῦν
1905 3128 2254 3193 κωλυόμενοι
2370 3125 2553 3179 duces
2590 3139 2735 3194 erqo
2770 3121 3081 3192 prohibiti
3121 3126 3384 3192 propter
3441 3140 3674 3180 cornua
3731 3140 3819 3179 oc·

817 3219 909 3271 διὰ
945 3219 1017 3272 τὰ
1056 3219 1264 3285 κέρατα
1302 3217 1648 3284 ἐσφάγησαν.
1723 3218 1906 3280 οὕτως
1964 3215 2114 3283 <οἶς>
2180 3213 2256 3280 εἰς
2367 3211 2482 3267 cisi
2509 3213 2671 3268 sunt.
2712 3211 2803 3267 sie
2847 3210 3137 3282 (quibus)
3177 3210 3247 3267 in
3270 3213 3557 3268 honorem
3582 3213 3815 3283 dati<s>

813 3309 984 3374 τιμὴν
1022 3309 1269 3361 δοθεῖσιν
1307 3308 1548 3376 ἔχαιρον,
1587 3305 1683 3359 ὑπ’
1721 3307 1913 3360 αὐτῶν
1951 3308 2181 3360 ἔπαθον.
2365 3302 2732 3373 gaudebant,
2773 3317 2849 3355 eae
2886 3299 2975 3356 eis
3008 3300 3193 3370 passi
3230 3305 3391 3357 sunt.

814 3458 938 3527 3sq
976 3458 1055 3512 ad
1091 3458 1470 3513 nobilitatem
1525 3454 1963 3526 imperatoriae
2019 3453 2350 3525 diqnitatis
2410 3455 2893 3520 αὐτοκρατορικῆς
2951 3452 3202 3517 ἐξουσίας
3258 3453 3379 3507 add
3418 3453 3465 3506 P
3517 3455 3541 3516 ΙΙ
3594 3453 3627 3507 6
3658 3469 3807 3522 pro-

817 3545 995 3602 hibiti
1032 3549 1178 3602 sunt
1216 3547 1266 3600 L
1286 3548 1432 3602 sunt
1460 3546 1557 3601 del
1586 3546 1753 3600 Bbck
1781 3542 2087 3615 prohibiti
2112 3544 2161 3598 P
2186 3543 2210 3613 ΙΙ
2236 3544 2269 3598 7
2289 3559 2359 3613 sq
2387 3544 2573 3606 οὕτως
2603 3542 2681 3605 εἰς
2705 3543 2871 3607 τιμήν
2909 3547 3026 3604 τοῖς
3065 3542 3308 3595 δοθείσιν
3349 3543 3571 3609 ἔχαιρον
3601 3559 3812 3596 αυπαυ-

823 3653 942 3689 των
1001 3638 1215 3691 ἔπαθον
1276 3635 1364 3692 sie
1424 3633 1494 3689 in
1545 3637 1836 3691 honorem
1899 3632 2033 3688 dati
2092 3634 2448 3704 gaudebant
2509 3646 2584 3684 eae
2645 3628 2733 3684 eis
2788 3628 2976 3699 passi
3032 3632 3179 3683 sunt
3239 3630 3289 3682 L
3328 3636 3491 3684 recte
3547 3632 3808 3686 restituit

821 3724 1005 3793 Book,
1045 3740 1224 3794 quem
1263 3731 1508 3780 secutus
1546 3740 1679 3779 sum
1718 3724 1805 3779 sic
1857 3723 1926 3779 in
1963 3724 2250 3778 honorem
2307 3719 2473 3776 datis
2527 3720 2877 3790 qaudebant
2934 3719 3100 3788 quod
3156 3716 3538 3774 eontrarium
3592 3720 3666 3773 ab
3724 3718 3812 3773 eis

812 3811 994 3883 passi
1029 3818 1175 3869 sunt
1211 3816 1396 3878 οὕτως
1434 3815 1512 3878 εἰς
1547 3816 1714 3880 τιμὴν
1740 3820 1861 3877 τοῖς
1892 3813 2143 3868 δοθείσιν
2181 3814 2409 3879 ἔχαιρον
2443 3812 2534 3864 ὅτι
2572 3808 2832 3863 ἐναντίον
2870 3808 2966 3861 ἀπ’
3010 3809 3202 3862 αὐτῶν
3241 3809 3454 3861 ἔπαθον
3494 3809 3557 3861 Ρ.

2155 4173 2338 4232 Babr
2378 4173 2455 4233 31

818 4321 851 4373 Γ
853 4325 980 4375 αλαῖ
1016 4316 1142 4372 ποτ’
1181 4319 1336 4383 εἶχον
1374 4320 1464 4371 καὶ
1503 4317 1635 4383 μύες
1673 4317 1812 4382 πρὸς
1849 4317 2126 4382 ἀλλήλους
2369 4317 2460 4371 καί
2497 4332 2581 4379 τις
2615 4319 2796 4381 γαλῆν
2833 4319 2936 4380 μῦς
2970 4305 3343 4381 προύκαλεῖτο
3382 4314 3686 4381 θαρσήσας,

817 4411 1104 4463 ἄσπονδον
1141 4408 1226 4461 ἀεὶ
1262 4406 1510 4472 πόλεμον
1550 4406 1800 4471 αἱμάτων
1836 4406 2055 4473 πλήρη·
2367 4406 2423 4459 οἵ
2459 4421 2523 4459 τε
2561 4407 2867 4471 στρατηγοὶ
2906 4404 3082 4457 λεπτὰ
3118 4402 3370 4469 πηλίνων
3406 4403 3614 4469 τοίχων

738 4504 743 4507 ’
816 4502 980 4564 γαλαῖ
1019 4497 1066 4550 δ’
1103 4496 1324 4551 ἐνίκων.
1362 4495 1416 4549 οἱ
1455 4496 1586 4562 μύες
1623 4496 1685 4548 δέ
1720 4498 1824 4560 τῆς
1858 4496 2037 4562 ἥττης
2366 4495 2557 4562 κάρφη
2597 4495 2878 4559 μετώποις
2915 4493 3263 4559 ἁρμόσαντες
3302 4491 3550 4558 ἀκραίοις

819 4587 1053 4641 ἐδόκουν
1089 4586 1358 4653 ὑπάρχειν
1396 4583 1578 4652 αἰτίην
1616 4584 1809 4650 σφίσιν
1843 4584 2075 4651 ταύτην,
2363 4587 2612 4650 ἡγοῦντο
2648 4584 2862 4646 παντὸς
2898 4582 3305 4649 ἐκφανέστατοι
3343 4581 3611 4648 πλήθους,

821 4675 906 4727 ὅτι
942 4677 1295 4742 στρατηγοὺς
1332 4675 1436 4728 ούκ
1474 4675 1655 4740 ἔχοιεν
1691 4673 1978 4741 ἔκδήλους,
2360 4676 2527 4728 πάλιν
2564 4674 2626 4726 δέ
2662 4674 2814 4738 φύζα
2846 4672 2980 4734 τοὺς
3017 4671 3158 4736 μύας
3193 4669 3536 4737 κατειλήφει.

822 4763 907 4815 ἀεὶ
945 4763 992 4816 δ’
1031 4766 1287 4828 ἀτάκτως
1324 4765 1669 4830 ὑπομένουσι
1707 4764 2018 4827 κινδύνους.
2360 4764 2515 4816 αλλοι
2555 4763 2654 4827 μὲν
2692 4761 2795 4814 οῦν
2832 4761 3109 4822 σωθέντες
3146 4759 3293 4824 ἦσαν
3330 4758 3391 4811 ἐν
3430 4761 3733 4826 τρώγλαις·

822 4851 1040 4905 εἵλοντο
1078 4852 1268 4906 τοίνυν
1305 4854 1439 4917 τοὺς
1475 4854 1625 4918 γένει
1658 4868 1723 4905 τε
1761 4854 1850 4905 καὶ
1890 4853 2050 4919 ῥώμῃ
2361 4854 2496 4914 τοὺς
2531 4852 2593 4904 δέ
2631 4850 2984 4917 στρατηγοὺς
3021 4848 3408 4915 εἰστρέχοντας
3445 4849 3549 4901 οὐκ
3587 4849 3674 4901 εἴα

818 4941 1018 5009 γνώμῃ
1057 4940 1105 4994 δ’
1145 4940 1419 5010 ἀρίστους,
1458 4941 1537 5006 εἰς
1576 4941 1756 5008 μάχην
1792 4956 1855 4994 τε
1891 4939 2201 5006 γενναίους,
2360 4941 2432 4993 τὰ
2468 4939 2704 5006 περισσὰ
2739 4938 2927 5005 κάρφη
2966 4941 3069 5003 τῆς
3106 4936 3250 5002 ὀπῆς
3296 4937 3409 4990 ἔσω
3449 4938 3651 5005 δύνειν,

817 5028 872 5083 οἳ
908 5034 1057 5097 σφᾶς
1094 5031 1372 5096 ἐκόσμουν
1409 5034 1501 5085 καὶ
1538 5033 1746 5084 διεῖλον
1783 5030 1861 5093 εἰς
1898 5030 2156 5097 φρήτρας
2362 5029 2488 5094 νίκη
2530 5027 2578 5081 δ’
2618 5027 2704 5081 ἐπ’
2744 5029 2938 5089 αὐτοῖς
2973 5028 3064 5080 καί
3099 5026 3375 5092 τρόπαιον
3411 5026 3669 5093 εἱστήκει,

816 5119 1018 5185 λόχους
1053 5136 1117 5176 τε
1154 5124 1245 5175 καί
1284 5121 1595 5189 φάλαγγας,
1632 5121 1712 5182 ὡς
1747 5117 1879 5186 παρ’
1918 5119 2256 5184 ἀνθρώποις.
2364 5121 2541 5184 γαλῆς
2577 5118 2816 5183 ἑκάστης
2853 5120 2959 5181 μῦν
2999 5116 3316 5182 στρατηγὸν
3355 5114 3644 5179 ἑλκούσης.

815 5208 934 5261 ἐπεὶ
973 5208 1023 5262 δ’
1060 5210 1269 5276 ἐτάχθη
1309 5209 1494 5262 πάντα
1532 5210 1622 5262 καὶ
1660 5207 2062 5275 συνηθροίσθη,

3343 5291 3379 5344 4
