4234 6017
2210 423 2521 477 -7-

875 610 1045 669 tores
1119 601 1713 694 appropinquantes
1780 602 1981 685 audit,
2052 623 2177 667 non
2252 601 2428 667 videt
2498 608 2567 667 ut
2637 603 3024 669 Babr-ianus:
3119 602 3368 668 Ps·Dos
3415 603 3611 667 Herm
3656 600 3850 668 Leid=
3908 665 3910 667 .

870 710 1210 790 αἰφνιδίως
1277 708 1576 774 ἀκούεται
1636 711 1853 776 subito
1927 711 2150 776 audiit
2218 711 2520 790 (auditus
2568 717 2662 775 est
2720 710 2852 792 Frg
2899 710 3049 789 Par)
3090 746 3170 755 --
3200 709 3361 774 Rom
3412 710 3584 774 Burn
3653 731 3851 774 vena·

876 819 1043 882 toris
1084 838 1306 881 vocem
1354 818 1619 881 audivit
1661 852 1748 863 —
1803 815 2064 882 Phaedr
2109 838 2150 882 v
2187 818 2255 882 7:
2303 824 2659 882 venantum
2719 818 2935 882 subito
2998 818 3264 882 vocibus
3309 818 3714 882 conterritus
3765 851 3853 863 -

873 923 1043 988 Babr
1088 943 1129 987 v
1163 925 1198 989 7
1217 941 1232 987 t
1292 922 1641 1001 κονηγέτας
1688 923 1811 1003 γὰρ
1858 922 2101 1004 ἄνδρας
2151 923 2321 990 εἶδεν
2367 923 2695 1004 ἐξαίφνης.

1083 1044 1430 1126 Postquam
1466 1044 1806 1110 statuimus
1832 1044 2322 1110 Ps·Dositheum
2350 1065 2390 1109 a
2415 1044 2650 1110 Babrio
2677 1042 2918 1110 distare
2952 1050 3016 1109 et
3048 1045 3255 1127 magis
3287 1043 3371 1110 ad
3398 1043 3760 1110 Phaedrum
3789 1051 3853 1110 et
3920 1096 3923 1104 ,

869 1150 1206 1217 Romulum
1254 1157 1573 1235 spectare,
1622 1170 1701 1216 ne
1749 1172 1894 1217 eum
1942 1150 2241 1217 Phaedro
2291 1151 2549 1234 quidem
2597 1171 2738 1216 eum
2789 1160 2917 1216 tam
2966 1158 3106 1217 arte
3154 1171 3342 1234 quam
3392 1172 3534 1217 eum
3582 1152 3851 1217 Romulo
3925 1229 3926 1232 Ἴ

872 1257 1214 1324 cohaerere
1261 1259 1389 1322 iam
1454 1257 2045 1324 animadvertimus.
2138 1259 2374 1343 legitur
2442 1258 2607 1323 enim
2668 1258 2733 1323 in
2780 1258 3236 1324 Ps·Dositheo:
3304 1258 3376 1323 ἐν
3421 1258 3520 1336 οἷς
3569 1259 3640 1323 δὲ
3686 1259 3852 1338 πρὸς
3927 1281 3928 1284 ’

870 1364 1124 1444 τούτοις
1170 1363 1251 1442 ἦν
1311 1365 1430 1430 sed
1488 1386 1639 1429 cum
1683 1366 1757 1429 in
1803 1365 1907 1431 his
1953 1372 2121 1430 esset
2167 1363 2231 1429 id
2282 1370 2378 1430 est
2424 1365 2489 1429 in
2560 1365 2858 1430 cornibus
2918 1363 3257 1430 laudandis
3304 1370 3498 1447 atque
3566 1364 3854 1430 eruribus

867 1470 1430 1555 reprehendendis.
1496 1492 1686 1554 quam
1734 1471 2121 1537 sententiam
2168 1473 2233 1536 in
2281 1469 2579 1537 Phaedro
2625 1472 2860 1537 frustra
2910 1472 3219 1554 requiras,
3298 1470 3491 1538 valde
3540 1472 3704 1537 enirn
3754 1490 3851 1537 re·

872 1589 1118 1662 pugnat
1168 1579 1423 1643 conciso
1471 1586 1703 1663 poetae
1751 1579 2023 1644 sermoni
2072 1584 2140 1643 et
2183 1598 2424 1663 presso.
2520 1585 2731 1643 tamen
2781 1578 3022 1663 optime
3087 1576 3480 1643 conferenda
3545 1585 3644 1644 est
3710 1597 3850 1643 eum
3935 1593 3938 1667 j

870 1683 1126 1749 Romuli
1175 1684 1424 1750 verbis:
1493 1686 1611 1751 sed
1659 1706 1809 1750 eum
1856 1686 2019 1750 haec
2065 1705 2300 1750 cervus
2346 1687 2438 1750 ad
2478 1686 2736 1772 fontem
2777 1686 3036 1772 faceret
3071 1684 3297 1766 (Burn)
3347 1684 3644 1770 [eumque
3678 1684 3850 1767 Flor,
3937 1669 3941 1738 ἑ

873 1799 1098 1875 ayeret
1146 1790 1484 1875 Wissemb‚
1533 1792 1882 1857 omiserunt
1928 1790 2163 1871 Adem,
2214 1790 2579 1876 Vindob]¹).
2671 1790 2925 1856 Romuli
2975 1792 3247 1856 formam
3295 1792 3359 1855 in
3407 1792 3769 1857 universum
3818 1810 3854 1855 e
3943 1852 3945 1865 ἶ

873 1895 1170 1961 Phaedro
1218 1896 1577 1962 derivatam
1624 1917 1765 1963 esse
1812 1898 2222 1983 perspicuum
2270 1905 2385 1963 est.
2480 1917 2686 1981 neque
2748 1903 2962 1963 tamen
3027 1897 3203 1962 illum
3253 1897 3531 1963 Phaedri
3580 1897 3855 1963 fabellas

870 2003 1007 2068 sine
1054 2002 1293 2074 iudicio
1343 2004 1721 2070 collectione
1768 2023 1888 2071 sua
1934 2005 2278 2090 recepisse,
2333 2005 2526 2071 immo
2591 2025 2904 2092 persaepe
2952 2004 3232 2070 Phaedri
3282 2004 3383 2071 vel
3432 2013 3705 2090 peecata
3751 2005 3854 2070 vel
3945 1991 3948 1992 ⁷

872 2110 1059 2175 nimis
1136 2109 1430 2176 breviata
1501 2131 1581 2176 ex
1664 2110 1874 2177 alieno
1955 2112 2135 2178 fonte
2211 2131 2415 2196 eoque
2493 2112 2735 2197 optimo
2808 2112 3245 2196 amplificasse
3321 2131 3522 2195 nuper
3598 2110 3855 2177 demon·

871 2217 1103 2283 stravit
1151 2216 1480 2283 Thieleius
1497 2220 1566 2297 2).
1663 2238 1787 2301 quo
1833 2219 1900 2282 in
1943 2238 2205 2284 numero
2254 2217 2375 2284 hoe
2424 2238 2674 2302 quoque
2706 2218 2959 2284 Romuli
3008 2217 3511 2283 additamentum
3559 2217 3853 2283 habeam.

874 2330 972 2389 est
1020 2324 1184 2388 enim
1235 2323 1357 2390 loci
1410 2325 1620 2390 sensui
1671 2323 1842 2390 haud
1887 2323 2150 2410 illepide
2216 2324 2801 2410 accommodatum:
2860 2325 3112 2390 silentio
3172 2344 3386 2390 secum
3439 2322 3857 2392 deliberantis
3955 2329 3958 2398 ζ

875 2431 1050 2495 cervi
1144 2431 1511 2495 venantium
1605 2433 1946 2517 opponitur
2024 2432 2283 2497 clamor.
2385 2431 2510 2498 hue
2587 2430 2863 2515 accedit,
2942 2429 3111 2514 quod
3189 2430 3522 2496 Phaedrus
3599 2450 3855 2497 cervum
3958 2466 3960 2468 .

873 2557 1146 2603 ramosa
1193 2548 1260 2618 (v
1292 2539 1360 2617 5)
1428 2559 1545 2603 sua
1610 2558 1848 2606 cornua
1918 2538 2349 2605 admirantem
2414 2538 2595 2621 facit,
2667 2558 2810 2603 cum
2865 2539 2930 2602 in
2978 2538 3249 2603 Romulo
3320 2544 3386 2603 et
3431 2535 3856 2603 Ps·Dositheo

875 2665 916 2708 a
966 2643 1108 2709 fera
1154 2643 1514 2726 laudentur,
1585 2646 1735 2729 quia
1794 2659 2029 2729 magna
2084 2651 2150 2710 et
2203 2647 2268 2710 in
2316 2646 2512 2711 altum
2563 2654 2780 2712 erecta
2825 2646 2973 2711 sint.
3064 2645 3130 2710 in
3178 2645 3414 2709 Babrio
3462 2651 3677 2709 autem
3726 2663 3858 2708 eor-

873 2770 1067 2815 nuum
1116 2756 1363 2817 tantum
1410 2752 1821 2837 pulchritudo
1855 2751 2222 2818 denotatur:
2271 2753 2517 2818 PsDos
2549 2754 2743 2839 Herm
2779 2752 2972 2817 Leid:
3021 2754 3121 2817 καὶ
3169 2751 3446 2832 μάλιστα
3492 2753 3608 2831 μὲν
3640 2751 3859 2837 ἐπῄνει

880 2858 998 2935 τὴν
1029 2855 1232 2937 φύσιν
1265 2864 1396 2925 τῶν
1429 2858 1714 2938 κεράτων
1749 2858 2239 2938 ἀνατεταμένων
2271 2879 2339 2923 τε
2372 2859 2462 2937 εἰς
2495 2859 2706 2924 πολὺν
2739 2858 2897 2938 ἀέρα
2945 2860 3044 2923 καὶ
3093 2858 3184 2937 ως
3233 2859 3477 2938 κόσμος
3524 2858 3620 2936 εἴη
3669 2860 3861 2922 παντὶ

875 2970 964 3048 τῷ
1013 2963 1263 3044 σώματι
1313 2973 1375 3031 et
1423 2968 1720 3031 maa-ime
1767 2968 2033 3052 quidem
2079 2966 2408 3031 laudabat
2440 2973 2761 3030 naturam
2793 2986 3197 3030 cornuorum
3232 2966 3755 3030 eoecelsissimam
3787 2966 3860 3029 in

874 3071 1084 3137 multo
1134 3081 1289 3136 aere
1338 3080 1401 3137 et
1448 3074 1624 3157 quod
1670 3081 2341 3139 ornamentum-esset
2374 3073 2553 3137 omni
2583 3073 2853 3156 corpori
2878 3072 3147 3137 —Rom
3184 3072 3384 3135 Burn:
3433 3093 3561 3136 sua
3607 3093 3858 3137 cornua

880 3199 1127 3262 maqna
1174 3186 1249 3244 ut
1297 3180 1466 3244 vidit
1511 3215 1596 3228 —
1647 3180 1820 3245 Babr
1867 3202 1907 3245 v
1939 3181 2015 3245 5:
2063 3180 2166 3244 ἐπὶ
2214 3184 2353 3258 τοῖς
2402 3181 2473 3244 δὲ
2520 3180 2782 3259 κέρασιν
2830 3179 2921 3261 ὡς
2969 3183 3191 3257 καλοῖς
3239 3177 3405 3255 ἄγαν
3451 3178 3650 3258 ηὔχει.

1093 3298 1681 3365 Demonstravimus
1758 3320 1911 3385 ergo
1958 3300 2367 3366 Ps·Dosithei
2438 3307 2879 3384 argumentum
2949 3320 3077 3364 non
3146 3305 3275 3363 tam
3324 3320 3363 3363 a
3411 3299 3648 3364 Babrio
3718 3319 3858 3383 pro·

875 3402 1117 3468 fectum
1166 3425 1354 3488 quam
1405 3426 1545 3471 curn
1596 3406 1892 3472 Phaedro
1941 3413 2137 3491 atque
2170 3408 2440 3473 Romulo
2488 3408 2809 3472 artissima
2842 3407 3224 3489 cognatione
3258 3406 3662 3469 coniunctum
3697 3424 3858 3484 esse,

877 3518 1088 3576 tamen
1137 3512 1248 3594 ita,
1299 3517 1368 3576 ut
1415 3514 1677 3598 propius
1723 3512 1808 3579 ad
1856 3514 2110 3579 Romuli
2160 3514 2567 3580 recensiones
2615 3534 2805 3597 quam
2855 3510 2939 3577 ad
2989 3510 3351 3577 Phaedrum
3400 3509 3695 3576 accedat.

1092 3632 1384 3716 Denique
1431 3636 1742 3700 sermonis
1787 3633 2049 3717 quidam
2098 3653 2448 3700 consensus
2495 3633 2661 3699 inter
2707 3632 3135 3716 magistellum
3172 3638 3237 3696 et
3268 3629 3607 3695 Romulum
3661 3631 3854 3694 inter-

879 3736 1116 3803 cedens
1162 3759 1295 3804 rem
1345 3741 1717 3807 confirmat:

1197 4078 1506 4146 Phaedr
2134 4082 2334 4147 Rom
2381 4082 2592 4146 Burn
3233 4076 3526 4144 Ps·Dos

878 4260 917 4301 v
973 4241 1036 4302 1:
1109 4240 1201 4306 ad
1274 4243 1534 4319 fontem
1604 4262 1836 4307 cervus
2907 4237 3157 4316 ἔλαφος
3182 4284 3197 4300 .
3223 4284 3236 4300 .
3262 4285 3277 4302 .
3312 4236 3727 4316 παραγίνεται
3759 4235 3863 4299 ἐπί

1113 4348 1358 4412 restitit
2905 4364 3050 4408 τινα
3082 4343 3294 4421 πηγὴν
3324 4364 3555 4408 cervus
3588 4341 3863 4407 advenit

2906 4452 2999 4515 ad
3077 4450 3410 4534 quendam
3481 4449 3737 4535 fontem
3801 4448 3859 4511 H

2907 4557 2961 4620 L
3052 4557 3375 4641 (pervenit
3466 4555 3864 4634 παρηγένετο

2907 4664 3040 4747 Frg
3085 4662 3165 4743 P)

1094 4900 1148 4969 1)
1186 4899 1260 4956 Of
1297 4900 1447 4954 Rom
1486 4898 1515 4952 I
1547 4899 1639 4953 16:
1678 4914 1815 4953 cum
1855 4899 2000 4953 haec
2037 4896 2256 4952 asinus
2292 4912 2493 4953 secum
2532 4893 2828 4965 coqitaret
2865 4892 3037 4958 (vide
3065 4893 3246 4947 etiam
3287 4891 3512 4945 Ps·Dos
3552 4890 3650 4944 18:
3688 4892 3863 4945 dum·

879 5005 994 5060 que
1032 4986 1102 5043 in
1139 4987 1236 5044 his
1272 4990 1435 5044 sunt.

1094 5091 1149 5155 2)
1188 5091 1279 5145 Th
1318 5107 1490 5161 pagg
1524 5090 1561 5145 4
1587 5106 1688 5159 sq:
1761 5088 1890 5143 Der
1937 5092 2203 5159 ‚qesamte
2241 5087 2541 5143 Romulus
2575 5083 2731 5156 zeiyt
2777 5081 3048 5138 niimlich
3100 5083 3216 5137 das
3254 5079 3528 5149 Prinzzp,
3585 5077 3865 5149 dilrftiye

877 5181 1657 5250 Phaedrus-Erzdhlunyen
1705 5194 1821 5233 aus
1858 5178 2141 5249 fremdcn
2182 5177 2425 5242 Quellen
2461 5192 2538 5231 zu
2575 5174 2950 5241 verbessern3
3009 5173 3067 5226 ef
3103 5178 3356 5226 stemma
3393 5169 3624 5224 Thielei
3663 5183 3788 5237 pag
3812 5167 3867 5222 8.
