4234 6017
2211 443 2563 511 μ-Ῑξ)...

2111 777 2390 846 PS-Dos
2439 776 2667 861 1404)

1106 924 1295 990 (Book
1336 922 1428 990 143
1467 921 1673 976 Bouch
1712 936 1880 990 pagg
1915 919 2022 974 518
2041 935 2136 989 sq3
2176 919 2329 975 Gotz
2366 919 2422 974 Η
2459 919 2511 973 L
2550 917 2675 990 pag
2710 920 2796 988 45,
2834 920 2958 991 Frg
2993 920 3042 975 P
3081 936 3206 993 pag
3246 919 3369 987 100)

1105 1013 1347 1080 Similis
1393 1013 1555 1077 ratio
1602 1011 1945 1077 statuenda
1992 1016 2091 1075 est
2137 1012 2203 1076 in
2250 1011 2492 1077 fabella
2539 1010 2630 1078 de
2678 1013 2929 1079 tribus
2974 1012 3222 1078 hircis
3268 1018 3344 1078 et
3391 1019 3660 1080 tauro:

1106 1120 1266 1173 Babr
1286 1118 1352 1172 91
1398 1118 1488 1186 (=
1513 1116 1644 1170 Tab
1689 1116 1928 1171 Assend
1964 1114 2128 1171 1vvo
2168 1121 2227 1170 et
2264 1116 2424 1181 vro),
2483 1116 2649 1172 unde
2698 1117 3012 1173 derivatae
3048 1124 3217 1196 sunt:
3293 1116 3390 1173 Av
3429 1118 3516 1183 13,
3571 1119 3687 1189 Ign
3725 1118 3878 1174 Diae

892 1210 1037 1265 Tetr
1063 1207 1192 1268 132,
1232 1206 1518 1275 Anonym
1540 1226 1609 1251 =
1628 1204 1756 1259 Kor
1780 1205 1910 1274 2773
1938 1204 2155 1275 Syntip
2183 1227 2249 1251 =
2271 1204 2400 1259 Kor
2425 1205 2574 1260 382⁸
2600 1219 2680 1249 m
2702 1205 2885 1272 382b;
2910 1207 3057 1261 Rom
3086 1206 3276 1275 (Burn
3303 1206 3384 1262 IV
3405 1208 3490 1275 16,
3516 1208 3655 1262 Flor
3681 1208 3878 1275 11136,

894 1297 1127 1354 Vindob
1167 1297 1258 1360 77)
1281 1318 1348 1342 =
1370 1294 1623 1349 Ps-Dos.

1104 1401 1379 1467 Praebet
1444 1400 1638 1465 etiam
1704 1398 1811 1463 hic
1859 1397 2315 1464 Ps-Dositheus
2380 1397 2724 1483 apologum
2783 1418 3043 1484 prorsus
3114 1419 3155 1463 a
3201 1398 3437 1465 Babrio
3507 1399 3874 1467 distantem.

890 1531 1036 1576 nam
1082 1510 1356 1595 primum
1411 1504 1586 1592 apud
1640 1506 2014 1589 magistrum
2058 1525 2187 1570 non
2234 1523 2416 1587 unuS,
2488 1502 2604 1570 sed
2652 1511 2782 1572 tres
2830 1505 2987 1570 hirci
3034 1506 3101 1569 in
3159 1505 3467 1591 spelunca
3520 1512 3876 1573 versantur.

892 1615 1062 1701 quod
1109 1614 1335 1681 summi
1401 1611 1706 1678 momenti
1771 1617 1888 1678 est.
1983 1620 2225 1677 certum
2272 1612 2439 1677 enim
2493 1630 2824 1677 numerum
2870 1610 3217 1677 ternarium
3282 1632 3399 1698 pro
3445 1612 3691 1680 incerta
3737 1634 3878 1699 per-

891 1741 1187 1790 sonarum
1236 1720 1337 1786 vel
1384 1738 1594 1784 rerum
1643 1716 2043 1784 multitudine
2078 1718 2477 1784 substituere
2524 1718 2702 1801 vulgi
2750 1724 2849 1784 est
2909 1717 3302 1785 consuetudo
3369 1718 3787 1786 usitatissima
3805 1723 3877 1801 ¹).

891 1830 1123 1896 iterum
1170 1846 1324 1910 ergo
1379 1824 1810 1910 magistellum
1858 1823 2398 1910 deprehendimus
2441 1824 2662 1910 populi
2695 1824 2978 1891 rationes
3022 1825 3089 1890 in
3130 1824 3390 1892 fabellis
3422 1826 3877 1912 componendis

890 1937 1339 2002 observantem
1361 1934 1435 2012 ²).

1093 2041 1250 2105 ‘Huc
1297 2037 1572 2121 accedit,
1623 2037 1795 2120 quod
1824 2033 1908 2104 'in
1963 2036 2545 2129 magistritfabella
2602 2036 2762 2128 birci
2809 2043 3060 2105 taurum
3119 2059 3155 2104 e
3202 2038 3508 2123 spelunca
3555 2039 3877 2125 expellere

890 2168 1018 2215 non
1066 2152 1378 2213 conantur
1422 2150 1493 2210 ut
1540 2143 1760 2210 Babrii
1807 2144 2041 2228 hircus,
2109 2142 2231 2211 sed
2277 2143 2372 2208 illi
2419 2143 2769 2230 trepidanti
2817 2144 3084 2212 illudere
3129 2147 3289 2213 satis
3335 2144 3593 2214 habent.
3686 2166 3877 2230 quam

891 2249 1097 2342 pri‘mo
1162 2254 1388 2320 obtutu
1456 2252 1881 2338 corruptelam
1950 2271 2092 2319 esse
2146 2250 2414 2333 iudices,
2477 2252 2629 2335 quia
2677 2250 2848 2318 haud
2896 2251 3089 2319 facile
3136 2252 3550 2338 intellegitur,
3598 2273 3711 2320 cur
3756 2255 3875 2320 Ps-

893 2360 1189 2428 Dosithei
1236 2359 1398 2425 hirci
1431 2365 1682 2425 taurum
1729 2378 1849 2425 nec
1881 2381 1922 2424 a
1954 2379 2024 2425 se
2070 2360 2231 2444 ipsis
2275 2358 2547 2445 petitum
2581 2378 2702 2425 nec
2733 2359 3041 2445 impetum
3073 2358 3504 2426 declinantem
3546 2360 3875 2427 irrideant.
3946 2396 3949 2399 ·

891 2488 1054 2535 neve
1118 2475 1335 2533 tamen
1390 2465 1790 2533 obliviscaris
1853 2485 2167 2552 persaepe
2231 2464 2297 2531 in
2363 2465 2500 2531 vita
2546 2464 2876 2532 cotidiana
2941 2465 3260 2550 accidere,
3308 2474 3380 2532 ut
3427 2467 3501 2553 is,
3551 2468 3661 2550 qui
3706 2467 3877 2534 forte

891 2576 1029 2642 sine
1095 2594 1310 2657 causa,
1359 2578 1430 2666 ut
1475 2572 2072 2662 videtum-celerius
2137 2572 2451 2638 festinans
2516 2572 2925 2658 conspicitur,
2975 2572 3142 2640 hunc
3209 2573 3274 2638 in
3339 2573 3596 2639 modum
3663 2572 3878 2639 ludifi-

892 2690 1100 2749 cetur:
1186 2700 1374 2764 quem
1456 2678 1540 2745 ad
1599 2678 1798 2745 finem
1865 2678 2249 2746 contendis?
2345 2684 2521 2744 certe
2578 2699 2813 2764 magno
2887 2681 3172 2765 praemio
3229 2701 3346 2767 pro
3404 2679 3716 2747 currendo
3786 2682 3877 2746 af·
3956 2696 3959 2699 ’

891 2787 1140 2854 ficerisl
1248 2785 1475 2862 similis
1536 2806 1760 2853 sensus
1825 2786 2116 2869 quamvis
2180 2804 2350 2850 nunc
2413 2785 2791 2852 obscuratus
2849 2787 3142 2871 primitus
3203 2788 3511 2871 magistro
3557 2787 3877 2854 subfuisse

893 2895 1047 2959 mihi
1093 2890 1369 2975 videtur,
1434 2890 1605 2956 unde
1669 2891 1846 2956 illum
1911 2911 2037 2957 non
2103 2888 2295 2955 modo
2341 2910 2468 2955 non
2526 2910 2561 2956 e
2609 2891 2847 2957 Babrio
2901 2892 3261 2977 profectum
3310 2912 3472 2976 esse,
3519 2886 3875 2959 sedetiam

893 3019 1151 3087 prorsus
1226 2998 1501 3064 alienam
1579 2997 1859 3063 fabellae
1937 2997 2372 3063 recensionem
2449 3003 2515 3062 et
2591 3016 2732 3064 eam
2808 2998 3039 3064 iterum
3116 3000 3488 3085 popularem
3565 3001 3875 3086 praebere

892 3112 1184 3193 apparet.

1104 3213 1247 3278 Hoc
1312 3233 1438 3277 non
1504 3231 1581 3277 eo
1645 3209 2098 3294 labefactatur,
2157 3209 2329 3293 quod
2395 3210 2738 3277 nonnullae
2793 3211 3128 3279 verborum
3196 3212 3645 3281 similitudines
3710 3214 3876 3281 inter

890 3318 1383 3387 PsDositheum
1432 3323 1495 3383 et
1541 3316 1842 3383 Babrium
1892 3316 2292 3386 intercedere
2343 3317 2660 3384 videntur.
2755 3327 2901 3384 nam
2949 3321 3287 3405 pauciores
3333 3327 3500 3405 sunt,
3568 3341 3758 3404 quam
3805 3329 3874 3387 ut

890 3447 970 3493 ex
1030 3424 1130 3492 his
1185 3423 1504 3508 quaedam
1553 3424 1905 3490 necessitas
1950 3424 2115 3489 inter
2162 3424 2468 3490 Babrium
2516 3431 2581 3490 et
2629 3426 3000 3509 magistrum
3046 3429 3244 3493 statui
3290 3429 3590 3514 possit-“m

1459 3675 1761 3754 Pte-Dos
3051 3677 3265 3744 Babr

892 3840 1130 3918 ταῦρος
1176 3836 1443 3917 φεύγων
1490 3836 1722 3902 λέοντα
1773 3835 1940 3901 ὅπου
1973 3834 2145 3917 ἦσαν
2177 3836 2324 3916 τρά-
2434 3855 2476 3901 v
2515 3838 2577 3900 1:
2655 3835 2890 3902 λέοντα
2936 3834 3202 3917 φεύγων
3250 3835 3488 3918 ταῦρος

888 3965 992 4021 γοι
1038 3948 1210 4024 τρεῖς
2433 3955 2474 4008 v
2514 3943 2622 4007 12:
2656 3941 2825 4007 ὅπου
2849 3942 3087 4023 τράγος
3111 3963 3210 4022 τις

1106 4079 1227 4144 Est
1252 4098 1429 4163 ergo
1476 4078 1670 4143 etiam
1720 4076 1883 4143 haec
1932 4074 2337 4142 Ps-Dosithei
2385 4075 2626 4142 fabella
2667 4076 3010 4142 Babriauis
3055 4077 3261 4162 copiis
3305 4076 3761 4144 abiudicanda.

1103 4187 1242 4252 Iam
1289 4206 1328 4250 n
1351 4205 1504 4250 ova
1551 4178 1974 4267 quaestio
2015 4182 2201 4248 nobis
2234 4183 2539 4248 oboritur.
2610 4182 2757 4250 dico
2789 4184 3011 4249 miram
3047 4183 3223 4249 illam
3257 4185 3877 4268 congruentiam,

891 4312 1056 4375 quae
1121 4293 1290 4359 inter
1336 4290 1694 4391 Ps-DoOsi
1717 4289 1804 4355 th
1826 4308 2003 4372 eum
2074 4296 2153 4355 et
2208 4289 2402 4356 Rom
2425 4290 2571 4355 ulu
2593 4311 2671 4372 m⁸
2720 4310 2845 4356 non
2911 4290 3115 4357 solum
3181 4290 3310 4370 hic,
3376 4290 3492 4358 sed
3558 4291 3749 4357 etiam
3816 4292 3882 4356 in

1105 4515 1160 4581 1)
1200 4513 1271 4570 Cf
1330 4513 1670 4570 Usenerum
1734 4513 2054 4579 (Dreiheit)
2114 4514 2180 4568 in
2240 4511 2431 4567 Musei
2495 4511 2667 4567 Rhen
2730 4512 2828 4565 vol
2871 4510 2961 4566 58.
3053 4526 3195 4566 rara
3261 4515 3531 4567 ceterum
3592 4514 3877 4567 fortunae

891 4605 1093 4674 gratia
1157 4604 1444 4678 variatio·
1481 4608 1695 4668 exstat,
1768 4604 1876 4659 ubi
1935 4607 2095 4658 totus
2159 4616 2481 4672 caprarum
2541 4615 2697 4671 grex
2752 4601 3077 4666 invenitur,
3134 4600 3269 4655 dico
3330 4600 3459 4655 Kor
3496 4599 3880 4655 382⁸mb=

889 4694 1068 4748 Halm
1111 4692 1278 4749 3961).

1024 4799 1031 4804 ·
1102 4783 1160 4851 2)
1198 4782 1610 4839 Reminiscere
1646 4797 1837 4839 aurea
1877 4795 2109 4836 cornua
2148 4780 2209 4834 in
2248 4778 2564 4834 historiola
2604 4777 2682 4833 de
2719 4778 2978 4832 murium
3018 4783 3078 4833 et
3115 4779 3509 4833 mustelarum
3535 4777 3709 4833 bello.

1105 4873 1161 4937 3)
1199 4870 1675 4927 Affabulationis
1733 4876 1937 4926 autem
1986 4882 2349 4925 consensum
2389 4871 2692 4937 apertum:
2748 4866 3009 4922 Ps-Dos:
3063 4868 3248 4933 οὕτως
3286 4907 3300 4922 .
3338 4889 3356 4921 .’
3389 4867 3460 4922 τὰ
3497 4866 3710 4922 δυνατὰ
3746 4866 3879 4934 πρό·

891 4976 1059 5016 σωπα
1095 5002 1110 5017 .
1151 5002 1164 5017 .
1201 4961 1522 5030 ὑβρίζονται
1561 4991 1626 5001 -
1667 4960 1859 5015 Babr:
1913 4960 2056 5027 πρὸς
2111 4960 2248 5022 τοὺς
2302 4963 2422 5020 τοῖς
2473 4956 2887 5023 δυνατωτέροις
2941 4957 3382 5023 ἐπεμβαίνοντας
3440 4957 3500 5011 cf
3535 4954 3688 5010 Bodl
3743 4970 3880 5026 pro-

893 5051 1084 5120 myth:
1147 5051 1237 5105 ὅτι
1275 5090 1290 5106 .
1328 5089 1343 5105 .
1381 5053 1474 5105 καὶ
1511 5052 1790 5115 δυνατοὺς
1827 5050 2035 5117 ἄνδρας
2075 5048 2133 5102 αἱ
2170 5048 2457 5115 συμφοραὶ
2492 5050 2822 5100 ταπεινοῦσι
2860 5045 2923 5099 ln
2964 5046 3381 5115 quaestionem
3418 5059 3643 5099 vocare
3682 5043 3759 5104 ob
3815 5042 3878 5097 id

892 5139 1111 5209 destiti,
1169 5141 1315 5210 quia
1372 5141 1553 5211 plane
1591 5140 1890 5194 incertum
1926 5142 2034 5206 est,
2091 5141 2296 5192 utrum
2335 5134 2541 5190 Babrii
2579 5135 2656 5189 sit
2691 5134 2883 5204 ipsius
2917 5149 3111 5190 necne
3168 5135 3250 5203 (cf
3284 5133 3737 5188 Hohmannium
3777 5131 3871 5186 De

888 5229 1096 5284 indole
1135 5234 1321 5299 atque
1358 5230 1726 5283 auctoritate
1765 5227 2235 5297 epimythiorum
2272 5225 2724 5279 Babr-ianorum
2765 5238 2892 5292 pag
2919 5223 3022 5277 124
3058 5223 3399 5293 Regimonti
3442 5221 3621 5289 1907).
