4234 6017
2170 433 2518 503 ...3ίρ

850 627 956 698 hic
995 624 1251 715 quidem
1287 651 1440 714 ergo
1487 628 1882 713 magistrum,
1935 628 1987 693 si
2036 647 2167 692 non·
2210 627 2552 709 artissima,
2602 632 2670 691 at
2717 631 2891 691 certe
2940 623 3215 709 quadam
3266 621 3645 710 cognatione
3695 643 3838 695 cum
3928 640 3931 643 ’

860 740 1096 805 Babrio
1146 738 1554 803 coniunctum
1603 755 1743 801 esse
1788 734 2012 818 negari
2059 752 2187 798 non
2233 739 2467 819 potest.
3793 799 3798 804 ,

1068 843 1202 911 Sed
1254 843 1337 909 de
1383 862 1563 908 mure
1610 847 1674 906 et
1721 861 1877 906 rana
1924 839 2239 924 apologus
2287 846 2351 903 et
2396 840 2534 923 ipse
2582 838 2932 923 perdignus
2979 846 3097 923 est,
3144 839 3211 904 in
3255 861 3442 923 quem
3476 844 3840 909 accuratius

848 953 1262 1035 inquiramus.
1375 955 1628 1034 spectat
1694 949 1861 1014 enim
1933 946 2097 1012 adeo
2156 945 2241 1010 ad
2300 945 2919 1011 Batrachomachiae
2993 945 3346 1030 exordium,
3415 956 3483 1015 ut
3557 949 3836 1032 CrusiuS,

855 1059 963 1141 qui
1011 1060 1252 1144 primus
1301 1078 1337 1123 e
1385 1056 1538 1123 viris
1585 1056 1794 1121 doctis
1841 1053 1926 1120 ad
1974 1053 2143 1118 hanc
2190 1054 2637 1119 necessitatem
2686 1053 3162 1137 animadvertit,
3211 1055 3511 1121 fabellam
3562 1077 3597 1122 e
3653 1057 3840 1123 huius
3938 1107 3941 1119 2

853 1166 1158 1251 parodiae
1208 1164 1588 1229 Homericae
1634 1184 1718 1229 vv
1766 1162 2031 1226 9—100
2098 1166 2303 1226 ortam
2362 1179 2500 1226 esse
2567 1160 2970 1225 contenderit
3017 1162 3106 1240 (in
3155 1182 3282 1248 app
3340 1163 3463 1227 crit
3532 1163 3617 1229 ad
3663 1165 3838 1229 Babr

854 1272 1022 1338 Bodl
1071 1270 1364 1356 Paraphr
1415 1271 1589 1350 191).
1681 1270 1745 1333 in
1809 1267 2196 1334 contrariam
2264 1272 2477 1332 autem
2536 1267 2918 1333 sententiam
2979 1267 3275 1335 discessit
3344 1270 3770 1337 Haeberlinus
3787 1275 3834 1351 ¹)

851 1380 1128 1464 Pigretis
1176 1398 1431 1444 carmen
1479 1378 1623 1444 vice
1671 1396 1860 1443 versa
1906 1394 1941 1439 e
1988 1373 2235 1440 fabella
2293 1374 2651 1458 profectum
2714 1393 2854 1439 esse
2918 1380 3114 1458 ratus,
3181 1377 3332 1457 quia
3389 1376 3501 1441 illa
3552 1385 3724 1443 certe
3774 1385 3837 1444 et

851 1488 1118 1569 antiqua
1168 1493 1338 1553 esset
1386 1491 1452 1551 et
1500 1504 1536 1549 e
1582 1482 1803 1569 populi
1851 1501 1962 1547 ore
2019 1480 2328 1564 originem
2379 1481 2700 1546 traxisset.
2795 1501 3189 1546 communem
3260 1482 3538 1565 denique
3593 1485 3835 1551 fontem

854 1592 1275 1658 Ludwichius
1308 1591 1535 1657 statuit
1567 1591 1632 1654 in
1665 1586 2287 1653 Batrachomachiae
2335 1586 2619 1651 editione
2648 1607 2825 1671 pagg
2861 1589 2936 1651 11
2976 1608 3115 1672 sqq.
3196 1589 3439 1673 profert
3487 1610 3642 1675 ergo
3675 1591 3836 1658 alius

850 1700 1009 1765 alia..
1094 1697 1413 1780 nimirum,
1464 1696 1764 1778 quonium
1812 1714 1996 1759 nemo
2044 1692 2257 1758 adhuc
2288 1692 2696 1778 gravioribus
2728 1696 3120 1777 argumentis
3154 1695 3537 1762 confirmare
3569 1705 3837 1765 conatus
3950 1690 3953 1693 ⁴

854 1812 970 1888 est,
1018 1811 1227 1870 utrum
1277 1824 1504 1869 revera
1550 1803 1656 1868 hic
1702 1802 2015 1887 apologus
2061 1820 2097 1865 e
2146 1799 2439 1887 populari
2488 1798 2833 1878 traditione
2893 1801 3219 1885 profectus
3277 1802 3382 1884 sit,
3441 1810 3511 1869 ut
3557 1805 3837 1872 Haeber-

853 1912 1018 1978 linus
1065 1911 1224 1977 satis
1270 1917 1511 1976 temere
1556 1907 1888 1991 iudicavit,
1946 1928 2050 1989 an,
2113 1904 2286 1988 quod
2334 1905 2556 1972 Orusio
2612 1908 2820 1989 magis
2882 1907 3202 1991 placuisse
3258 1907 3532 1993 videtur,
3593 1910 3650 1977 si
3710 1932 3837 1977 non

852 2018 1203 2101 oratorius‚.
1258 2022 1327 2081 at
1386 2022 1562 2082 certe
1618 2036 1746 2081 non
1821 2014 2107 2097 vulgaris
2166 2013 2269 2078 sit.
2384 2031 2531 2077 nam
2592 2013 2646 2077 si
2706 2012 3011 2079 fabellam
3073 2022 3449 2097 argumento
3507 2016 3607 2101 iis,
3679 2038 3839 2100 quas

851 2123 1125 2209 populus
1169 2128 1492 2206 sequatur,
1539 2120 1895 2187 rationibus
1940 2138 2302 2203 repugnare
2350 2120 2686 2204 apparebit
2731 2127 2842 2185 aut
2888 2140 3041 2186 vero
3087 2121 3368 2206 suspicio
3416 2122 3537 2188 erit
3584 2143 3725 2189 eam
3773 2125 3836 2190 in

852 2217 1173 2296 rhetorum
1220 2228 1493 2295 officina
1540 2235 1743 2293 ortam
1793 2246 1936 2293 esse
1983 2225 2227 2308 Crusio,
2275 2245 2401 2291 non
2450 2225 2840 2291 Haeberlino
2887 2225 3326 2293 accedendum
3376 2229 3516 2295 erit.

878 2387 885 2394 „
994 2393 999 2397 ,
1061 2336 1370 2402 Fabellae
1417 2341 1642 2401 auctor
1688 2353 1928 2399 murem
1976 2333 2143 2397 male
2190 2337 2516 2397 natantem
2552 2330 2820 2397 inducit.
2914 2353 3122 2416 neque
3171 2336 3335 2399 enim
3386 2336 3548 2403 alias
3596 2336 3837 2405 intelle-

853 2446 1043 2529 gitur,
1091 2443 1203 2510 cur
1249 2462 1388 2507 mus
1434 2462 1656 2508 ranam
1708 2440 1938 2527 pedem
1985 2459 2169 2506 suum
2219 2440 2344 2504 lino
2392 2439 2514 2504 sibi
2560 2438 2832 2523 alligare
2878 2440 3163 2524 patiatur
3209 2443 3305 2521 (cf
3349 2435 3479 2509 Aes
3527 2445 3645 2511 vit:
3695 2444 3836 2511 ἀλλ’

849 2551 958 2616 ἵνα
1004 2553 1085 2632 μὴ
1133 2550 1490 2634 ἀποκάμῃς,
1556 2550 1741 2631 φησί,
1802 2548 2180 2629 νηχόμενος,
2252 2546 2534 2631 μηρίνθῳ
2584 2550 2778 2630 λεπτῇ
2835 2549 2951 2612 τὸν
3006 2548 3133 2612 σὸν
3171 2549 3361 2613 ἢπόδα
3413 2556 3505 2635 τῷ
3561 2551 3837 2631 ἐμαυτοῦ

853 2659 1346 2738 προσαρτήσω).
1426 2655 1563 2721 'hoc
1619 2663 1888 2721 naturae
1944 2673 2156 2720 rerum
2213 2652 2402 2718 valde
2451 2661 2789 2739 repugnat.
2883 2655 3121 2739 optime
3187 2657 3353 2721 enim
3417 2677 3557 2724 mus
3614 2665 3839 2725 natare

853 2765 1064 2844 scit2).
1159 2783 1303 2829 cum
1351 2768 1563 2828 autem
1612 2764 1722 2828 vix
1771 2761 2079 2827 credibile
2128 2761 2210 2824 sit
2255 2779 2636 2842 quemquam
2669 2762 3006 2827 inscientia
3039 2762 3105 2825 in
3139 2762 3324 2828 huius
3357 2765 3839 2849 vulgarissimae

857 2869 1167 2935 bestiolae
1213 2870 1641 2954 proprietates
1688 2888 1977 2954 pecasse,
2012 2866 2435 2938 ,verisimilius
2490 2874 2587 2932 est
2643 2867 2903 2951 apologi
2953 2876 3276 2935 auctorem
3333 2878 3603 2938 naturae
3664 2874 3840 2958 leges

856 2976 1149 3043 consulto
1197 2975 1564 3060 neglexisse
1612 2983 1678 3040 et
1725 2974 1814 3051 id,
1887 2973 2054 3057 quod
2112 2974 2316 3039 solum
2382 2972 2779 3056 relinquitur,
2851 2974 2934 3039 ad
2983 2994 3126 3040 eum
3174 2957 3410 3059 finem.
3469 2985 3538 3043 ut
3583 2982 3840 3047 moralis

855 3083 968 3148 illa
1013 3084 1332 3148 sententia
1377 3084 1492 3167 qui
1533 3083 1715 3169 fodit
1763 3082 2056 3169 foveam,
2112 3082 2187 3145 in
2246 3082 2466 3165 ipsam
2530 3081 2776 3147 incidet
2791 3080 2837 3164 ⁸)
2894 3080 3315 3148 demonstrari
3370 3086 3591 3169 possit.
3685 3086 3839 3171 quid

856 3189 1070 3254 enim?
1164 3209 1437 3272 quonam
1487 3189 1617 3254 alio
1663 3188 2081 3253 instrumento
2129 3188 2250 3250 nisi
2300 3186 2423 3252 hoc
2469 3186 2599 3251 lino
2648 3208 2803 3252 rana
2848 3189 3079 3255 melius
3131 3208 3405 3275 peccare
3458 3199 3568 3257 aut
3617 3200 3841 3278 postea

854 3295 1027 3361 haud
1085 3294 1345 3380 illepide
1413 3296 1479 3359 in
1551 3291 1855 3360 ultionem
1927 3295 2143 3359 vocari
2193 3296 2496 3378 poterat?
2590 3289 3126 3379 deprehendimus
3188 3317 3342 3381 ergo
3402 3307 3727 3365 auctorem
3776 3303 3839 3366 in
3959 3383 3964 3388 .

853 3402 1097 3467 fabella
1173 3400 1616 3487 componenda
1696 3403 1904 3486 magis
1980 3405 2270 3466 secutum
2350 3400 2672 3465 rhetorum
2750 3409 3102 3487 praecepta
3189 3423 3380 3487 quam
3464 3407 3838 3490 popularem

857 3529 1095 3574 morem
1109 3512 1185 3590 4).
1257 3530 1343 3574 an
1377 3508 1646 3575 forsitan
1681 3508 1996 3594 quispiam
2031 3508 2224 3572 talem
2259 3507 2565 3573 fabellam
2613 3508 2830 3592 populi
2867 3510 2960 3574 ori
3011 3510 3394 3588 attribuerit,
3445 3532 3609 3596 quae
3643 3516 3839 3578 mani-

859 3616 1027 3682 festo
1076 3614 1161 3681 ad
1209 3636 1350 3681 eum
1396 3617 1600 3681 solum
1632 3616 1831 3681 finem
1878 3616 2040 3681 ficta
2089 3617 2194 3698 sit,
2244 3620 2312 3679 ut
2344 3614 2662 3680 sententia
2714 3613 3031 3697 quaedam
3079 3616 3337 3683 moralis
3385 3619 3679 3703 exemplo
3726 3640 3840 3686 seu

856 3729 1123 3788 naturae
1171 3724 1591 3789 conveniente
1637 3742 1749 3788 seu
1797 3723 2055 3787 minime
2101 3720 2574 3788 illustraretur?

2093 3939 2366 4008 Ps·Dos
2416 3939 2595 4022 10(4)

1068 4069 1257 4138 (Book
1300 4068 1390 4136 103
1430 4067 1639 4122 Bouch
1678 4083 1848 4138 pagg
1887 4068 2080 4136 508193
2122 4066 2276 4123 (ἔδει
2316 4067 2373 4121 H
2410 4068 2460 4121 L
2500 4084 2625 4139 pag
2660 4069 2749 4137 44,
2788 4069 2911 4139 Frg
2953 4069 2998 4123 P
3038 4086 3164 4140 pag
3199 4071 3291 4139 97)

1065 4160 1226 4225 Item
1277 4158 1451 4224 haud
1497 4159 1635 4225 sine
1681 4159 1816 4225 veri
1863 4159 2081 4244 specie
2129 4160 2195 4223 in
2248 4160 2567 4225 Babriana
2614 4162 2777 4233 serie
2827 4160 3126 4229 habenda
3175 4170 3272 4228 est
3329 4163 3422 4228 de
3479 4184 3717 4250 puero
3766 4174 3840 4232 et

855 4287 888 4333 s
903 4287 938 4333 e
952 4287 989 4333 ο
1002 4288 1085 4352 tp
1097 4266 1120 4331 i
1134 4287 1171 4331 ο
1187 4287 1226 4331 n
1245 4285 1280 4331 e
1325 4266 1832 4332 narratiuncula:

1072 4416 1236 4472 Babr
1272 4416 1424 4470 Bodl
1459 4415 1735 4486 Paraphr
1764 4417 1883 4485 168,
1938 4417 2104 4472 unde
2162 4418 2510 4488 dependere
2571 4418 2712 4472 mihi
2751 4401 3066 4474 videntur:
3105 4418 3386 4488 Anonym
3411 4444 3475 4466 =
3498 4420 3626 4476 Kor
3662 4423 3840 4491 9631),

857 4516 982 4571 pag
1001 4502 1167 4570 393⁸,
1206 4501 1397 4570 263²),
1452 4501 1570 4571 Ign
1598 4501 1752 4556 Diae
1788 4502 1935 4557 Tetr
1960 4502 1988 4555 I
2011 4503 2094 4571 18,
2151 4503 2434 4573 Anonym
2459 4525 2526 4549 =
2548 4502 2675 4558 Kor
2712 4517 2836 4574 pag
2861 4504 2996 4573 3923
3054 4503 3204 4560 Rom
3244 4505 3431 4573 (Burn
3473 4506 3552 4561 IV
3574 4507 3663 4573 14,
3699 4508 3839 4563 Flor

857 4589 948 4643 III
968 4590 1055 4659 34,
1091 4589 1332 4645 Vindob
1374 4591 1465 4659 74)
1488 4613 1557 4637 =
1577 4588 1822 4646 Ps·Dos.

1070 4770 1123 4832 1)
1160 4769 1568 4826 Wochenschr
1604 4770 1704 4824 fiir
1741 4770 1905 4825 klass
1942 4769 2135 4825 Philol
2177 4769 2315 4824 1889
2351 4785 2478 4840 pag
2502 4769 2552 4825 5.

1072 4858 1130 4927 2)
1167 4859 1431 4915 Brehmii
1472 4859 1697 4930 „Tierl“
1740 4859 1841 4924 (ed
1878 4860 2026 4927 min)
2059 4859 2088 4913 I
2127 4875 2252 4930 pag
2276 4860 2401 4915 509.

1072 4948 1130 5015 3)
1167 4948 1481 5004 Invenitur
1517 4951 1581 5003 in
1607 4950 1758 5004 Rom
1792 4949 1952 5004 Vind
1989 4965 2113 5020 pag
2139 4950 2244 5004 418
2272 4948 2481 5019 (Herv)
2521 4954 2580 5003 et
2618 4950 2783 5019 apud
2821 4949 3174 5020 Hieronym‚
3214 4956 3511 5007 comment
3549 4952 3609 5005 in
3649 4952 3839 5007 eccles

858 5052 984 5106 pag
1023 5036 1163 5092 1094
1199 5037 1403 5092 xxm
1442 5038 1708 5109 (Migne).
3811 5025 3819 5032 ’

1071 5126 1130 5194 4)
1168 5126 1262 5181 De
1300 5127 1508 5196 populi
1546 5134 1606 5182 et
1644 5127 1948 5182 rhetorum
1987 5128 2050 5181 in
2086 5128 2324 5181 fabellis
2363 5128 2670 5197 fingendis
2709 5128 3253 5183 consuetudinibus
3290 5129 3532 5199 longius
3573 5129 3842 5199 disputat

858 5215 1280 5285 HausrathiuS,
1319 5215 1444 5270 Das
1481 5217 1757 5271 Problcm
1800 5217 1908 5271 der
1943 5216 2146 5286 Aesop
2185 5217 2312 5271 Fab
2351 5232 2520 5286 pagg
2545 5217 2651 5270 308
2672 5233 2741 5285 sq
2814 5217 3004 5282 (Neue
3040 5217 3273 5272 Jahrbb
3316 5219 3492 5286 1895).
