4234 6017
1998 443 2347 498 ...12-

898 624 1230 691 Consentit
1277 624 1602 707 Romulus,
1671 625 1781 689 ubi
1832 624 2173 709 primariae
2230 624 2368 690 eius
2416 624 2662 690 formae
2708 643 2932 689 sensus
2979 624 3262 690 Phaedri
3331 627 3667 694 sententiis

684 753 812 797 non
884 732 1260 797 obscuratus
1329 733 1509 814 est¹),
1587 732 1651 795 in
1729 729 2091 797 universum
2167 751 2310 796 cum
2379 730 2824 797 Ps·Dositheo.
2921 731 3186 816 primum
3257 732 3323 798 in
3401 740 3668 816 utroque
3733 737 3742 746 '

686 838 866 904 canis
934 839 1173 905 flumen
1251 837 1499 921 transit,
1576 851 1700 903 'non
1778 837 1864 903 ad
1940 839 2146 923 ripam
2223 845 2499 922 vagatur
2573 839 2739 904 sicut
2814 838 2880 903 in
2927 840 3164 905 Babrio
3236 843 3304 921 (v
3349 843 3391 907 2
3443 845 3667 926 παρῄει

687 947 1022 1026 ποταμόν).
1135 964 1517 1028 quamquam
1590 946 1783 1011 etiam
1853 946 1918 1011 in
1967 946 2267 1012 Phaedro
2337 945 2517 1013 canis
2585 945 2826 1011 flumen
2898 946 3384 1032 transgreditur,
3456 955 3668 1013 tamen

687 1053 848 1118 haec
895 1054 1036 1137 ipsa
1083 1051 1597 1137 transgrediendi
1645 1053 1810 1118 ratio
1856 1053 1922 1117 in
1968 1053 2168 1120 latino
2215 1060 2410 1139 poeta
2455 1071 2713 1138 prorsus
2762 1054 2844 1119 ab
2895 1053 3023 1119 illis
3070 1052 3397 1120 abhorret.
3469 1054 3669 1121 Phae-

687 1160 839 1226 drus
886 1160 1053 1225 enim
1115 1179 1337 1225 canem
1396 1159 1643 1225 flumen
1704 1166 2062 1226 tranantem
2135 1160 2302 1226 male
2371 1160 2567 1225 finxit
2590 1162 2657 1240 2).
2750 1161 2815 1225 ἰιι
2872 1160 3143 1226 Romulo
3210 1168 3422 1227 autem
3491 1160 3669 1227 canis

692 1268 936 1332 flumen
969 1272 1217 1332 tantum
1251 1266 1566 1333 transiens
1613 1266 1956 1350 inducitur,
2002 1266 2255 1333 scilicet
2299 1268 2365 1333 in
2409 1273 2627 1353 ponte.
2718 1266 3024 1352 deinceps
3055 1268 3477 1335 Ps·Dositheo
3525 1290 3668 1335 cum

688 1374 959 1439 Romulo
1007 1372 1074 1438 id
1122 1393 1454 1439 commune
1502 1379 1621 1456 est,
1693 1372 1865 1456 quod
1912 1374 1978 1438 in
2038 1380 2329 1458 utroque,
2399 1380 2471 1440 ut
2541 1375 2668 1440 iam
2738 1394 2931 1460 supra
2998 1375 3373 1460 monuimus,
3447 1396 3668 1443 canem

691 1487 936 1546 tantum
987 1482 1195 1546 carnis
1243 1481 1529 1545 umbram
1580 1481 1643 1545 in
1692 1501 1861 1564 aqua
1908 1480 2151 1564 videre,
2217 1501 2344 1546 non
2400 1481 2667 1547 alterum
2735 1501 2957 1547 canem
3026 1481 3294 1548 alteram
3362 1483 3668 1569 praedam

689 1589 998 1654 ferentem
1069 1595 1379 1653 narratur.
1471 1587 1722 1653 etiamsi
1788 1588 1851 1653 in
1909 1587 2080 1653 nullo
2128 1588 2256 1653 alio
2301 1587 2424 1654 nisi
2471 1589 2536 1653 in
2584 1588 2856 1654 Romulo
2905 1588 3391 1657 Vindobonensi
3463 1590 3671 1657 carnis

691 1697 914 1762 umbra
959 1697 1179 1761 maior
1227 1715 1414 1779 quam
1482 1715 1636 1761 vera
1702 1715 1852 1761 caro
1897 1716 1936 1761 a
1984 1716 2145 1762 cane
2200 1696 2503 1779 fingatur,
2569 1701 2781 1761 tamen
2852 1694 3025 1777 inde,
3097 1696 3268 1778 quod
3337 1698 3481 1783 ipsa
3549 1696 3671 1762 hac

692 1804 1061 1869 recensione
1108 1803 1381 1888 plurima
1428 1803 1793 1868 vetustioris
1840 1803 2094 1868 Romuli
2142 1803 2415 1868 frustula
2462 1802 2545 1868 ad
2593 1823 2708 1869 nos
2754 1806 3267 1888 pervenemnt⁸)‚
3317 1802 3490 1869 haud
3535 1803 3670 1870 sine

692 1909 828 1977 veri
893 1910 1111 1996 specie
1179 1909 1587 1976 statuendum
1662 1915 1758 1976 est
1827 1910 2020 1975 etiam
2090 1909 2196 1975 hic
2265 1910 2635 1996 primarium
2705 1909 2880 1974 illum
2930 1909 3266 1975 Romulum
3315 1931 3354 1975 a
3402 1909 3671 1976 Romulo

694 2017 1171 2083 Vindobonensi
1218 2023 1543 2083 servatum
1590 2037 1751 2083 esse.
1831 2016 1999 2083 hunc
2046 2024 2259 2082 antem
2306 2018 2514 2083 locum
2548 2017 2615 2082 in
2648 2017 2881 2083 ceteris
2911 2016 3166 2082 Romuli
3199 2018 3673 2084 recensionibus

692 2126 983 2191 mutilum
1031 2144 1170 2190 esse
1219 2145 1299 2190 ex
1349 2144 1425 2189 6ο
1473 2124 1711 2209 optime
1778 2124 2112 2209 explanari
2159 2144 2350 2210 posse
2397 2131 2573 2210 puto,
2645 2122 2817 2208 quod
2887 2129 3117 2209 postea
3186 2144 3328 2190 cum
3380 2123 3671 2190 Phaedro

695 2231 1164 2298 contaminatus
1233 2232 1337 2297 sit.
1429 2231 1518 2297 ibi
1584 2238 1798 2297 autem
1855 2252 2081 2297 canem
2130 2232 2339 2298 carnis
2385 2232 2677 2297 umbram
2724 2231 2865 2316 ipsa
2912 2232 3215 2298 maiorem
3263 2238 3492 2317 putare
3536 2231 3671 2296 inre

696 2338 1027 2421 omittitur,
1111 2339 1262 2422 quia
1330 2337 1437 2404 hic
1501 2338 1782 2405 fabellae
1837 2358 2082 2404 summa
2129 2359 2255 2404 non
2325 2358 2401 2404 6ο
2471 2339 2850 2422 continetur,
2922 2338 3094 2421 quod
3164 2340 3344 2404 canis
3408 2338 3672 2403 alteram

703 2466 959 2512 carnem
1014 2451 1276 2531 propter
1307 2445 1807 2529 magnitudinem
1843 2466 1997 2511 suae
2032 2448 2337 2531 praefert,
2384 2445 2499 2512 sed
2547 2445 2719 2529 quod
2766 2446 2873 2512 ille
2921 2465 3146 2511 canum
3193 2466 3368 2512 more
3417 2445 3678 2510 alterius

695 2554 872 2620 canis
918 2553 1199 2638 praedae
1246 2552 1511 2618 invidet.

909 2659 1322 2725 Concludere.
1354 2680 1509 2742 ergo
1556 2681 1891 2744 possumus
1940 2660 2429 2727 Ps·Dosithenm
2478 2668 2543 2726 et
2590 2660 2929 2727 Romulum
2978 2680 3059 2725 ex
3092 2659 3319 2726 eodem
3355 2659 3456 2726 vel
3488 2658 3676 2724 simili

698 2769 878 2834 fonte
926 2767 1234 2851 originem
1284 2766 1564 2833 duxisse.

913 2872 1099 2952 Quod
1147 2874 1533 2939 confirmant
1578 2876 1920 2942 nonnullae
1969 2877 2304 2943 verborum
2353 2875 2798 2942 similitudines
2858 2875 3024 2941 inter
3069 2874 3407 2940 Romulum
3457 2878 3523 2939 et
3567 2873 3678 2938 Ps-

699 2982 1079 3049 Dositheum
1126 2980 1629 3049 intercedentes:

1291 3197 1491 3263 Rom
2812 3199 3112 3266 Ps·Dos

700 3309 771 3372 in
830 3327 944 3371 ore
1009 3327 1129 3371 suo
1203 3307 1467 3391 ferebat
1538 3305 1688 3370 Flor
1773 3327 1894 3371 suo
1972 3305 2134 3370 omis
2243 3309 2321 3391 ᾖς
2390 3306 2625 3386 ἔφερεν
2698 3304 3064 3391 <ea>quam
3127 3306 3395 3391 ferebat
3453 3303 3679 3385 (distat

702 3412 1051 3493 Wissemb3
1104 3410 1348 3477 distant
1395 3412 1593 3477 ceteri
2246 3403 2376 3497 Frg
2423 3414 2501 3495 P)

2245 3521 2568 3601 ἀπέβαλεν
2617 3522 2844 3586 amisit
2893 3521 3197 3606 (contiyit
3256 3520 3317 3585 ei
3375 3519 3681 3584 amittere

701 3629 951 3694 amittit
997 3629 1353 3713 proprium
2245 3629 2484 3708 συνέβη
2512 3628 2686 3712 αὐτῷ
2712 3626 3121 3708 ἀποβαλεῖν).
3140 3621 3682 3706 ..ἀποβάλλουσιν

2244 3737 2322 3800 τὰ
2367 3736 2498 3800 ἴδια
2546 3738 2860 3802 amittunt
2906 3756 3033 3800 sua
3078 3735 3422 3819 (propria)

921 3842 1084 3907 Sunt
1153 3842 1349 3908 etiam
1399 3841 1462 3906 in
1512 3842 1635 3907 bac
1681 3843 1973 3926 magistri
2020 3842 2262 3908 fabella
2310 3843 2507 3908 verba
2553 3848 2618 3907 et
2664 3843 3038 3925 sententiae,
3109 3861 3275 3924 quae
3324 3838 3683 3905 Phaedrum

704 3950 879 4016 olent
924 3951 1118 4015 sicut:
1187 3950 1416 4015 amisit
1463 3955 1528 4014 et
1574 3951 1893 4015 amittunt
1942 3951 2300 4035 (propria).
2395 3969 2778 4031 quamquam
2827 3950 2990 4014 inter
3059 3949 3333 4033 priorem
3404 3952 3470 4011 et
3517 3945 3684 4010 hunc

705 4056 1045 4142 apologum
1094 4055 1161 4120 id
1209 4057 1495 4138 interest,
1546 4056 1737 4139 quod,
1788 4058 2016 4138 quibus
2048 4055 2512 4122 Ps·Dositheus
2560 4076 2702 4121 cum
2738 4055 3034 4121 Phaedro
3067 4054 3383 4138 congruit,
3432 4073 3513 4119 ea
3544 4052 3685 4137 ipsa

705 4164 840 4229 illic
905 4162 1161 4246 quidem
1232 4164 1295 4228 in
1344 4163 1613 4229 Romulo
1663 4162 2114 4229 desiderantur
2185 4165 2279 4245 (cf
2325 4184 2502 4248 pagg
2552 4163 2773 4245 7-9)‚
2843 4161 2951 4227 hic
3021 4169 3233 4227 autem
3305 4166 3370 4224 et
3420 4159 3685 4224 Romulo

707 4292 849 4337 cum
883 4270 1180 4336 Phaedro
1230 4272 1589 4337 communia
1636 4278 1803 4337 sunt.
1873 4270 1940 4336 id
1989 4292 2167 4355 erge,
2217 4270 2385 4353 quod
2436 4290 2629 4354 supra
2678 4275 2921 4334 tantum
2978 4269 3363 4333 coniecimus
3418 4270 3576 4351 (pag
3599 4267 3685 4347 9),

706 4379 833 4444 iam
883 4384 1177 4444 constare
1222 4378 1379 4443 mihi
1426 4378 1712 4444 videtur:
1773 4398 1890 4464 per
1936 4378 2274 4443 Romulum
2308 4377 2588 4442 Phaedri
2637 4377 2749 4441 illa
2781 4376 3056 4441 frustula
3102 4377 3164 4440 in
3200 4373 3687 4440 Ps·Dosithenm

706 4489 1119 4572 irrepserunt.
1211 4494 1424 4551 tamen
1471 4485 1576 4551 hic
1624 4486 1767 4551 fons
1806 4486 1889 4550 ab
1923 4506 2020 4568 eo,
2069 4505 2256 4567 quem
2305 4505 2419 4550 nos
2468 4484 2760 4549 manibus
2807 4485 3087 4564 terimuS‚
3136 4481 3409 4547 Romulo
3458 4500 3533 4545 6ο
3580 4480 3687 4544 ab·

709 4594 972 4675 horruit,
1023 4592 1194 4676 quod
1243 4593 1433 4659 modo
1481 4594 1591 4658 illo
1643 4594 1904 4677 propius
1952 4592 2035 4657 ad
2086 4592 2450 4658 Phaedrum
2514 4591 2808 4665 accessit,
2881 4589 3091 4672 mod0‚
3164 4596 3233 4654 ut
3304 4590 3394 4652 ita
3454 4587 3686 4668 dicam,

710 4702 880 4786 plus
928 4701 1304 4766 Romulus
1352 4701 1494 4766 fuit.
3370 4703 3376 4709 ’

926 4901 980 4970 1)
1019 4901 1089 4954 In
1128 4901 1366 4956 Romuli
1405 4902 1563 4955 enim
1601 4901 2044 4956 recensione-
2068 4897 2370 4953 Ademaro
2429 4901 2703 4967 excepte,
2762 4896 2865 4965 qui
2921 4895 3020 4949 hic
3074 4909 3198 4947 non
3241 4892 3529 4947 Romulus
3584 4895 3692 4958 est,

712 4991 820 5046 sed
859 5006 893 5045 e
920 4990 1197 5044 Phaedro
1241 4992 1612 5044 verbotenus
1652 4990 2047 5059 depromptus
2097 5018 2174 5054 —‚
2213 4989 2444 5042 etiamsi
2484 4986 2759 5057 primitus
2798 5000 2921 5038 non
2962 4983 3041 5036 ad
3080 4982 3424 5036 Phaedrum
3463 4981 3691 5048 redeat,

712 5089 915 5135 tamen
953 5081 1177 5150 passim
1216 5080 1580 5135 Phaedriani
1620 5078 1911 5133 sermonis
1949 5078 2210 5132 frustula
2249 5077 2720 5131 subaudiuntur.

926 5170 983 5236 2)
1023 5168 1093 5225 Cf
1128 5170 1289 5223 infra
1327 5185 1451 5239 pag
1488 5169 1577 5223 40.

924 5259 980 5326 3)
1022 5259 1100 5314 Ut
1138 5258 1443 5313 Thieleius
1482 5273 1718 5312 mecum
1758 5258 2024 5326 benigne
2065 5256 2554 5311 communicavit.
