<?xml version="1.0" encoding="UTF-8"?>
<!DOCTYPE html PUBLIC "-//W3C//DTD XHTML 1.0 Transitional//EN"
    "http://www.w3.org/TR/xhtml1/DTD/xhtml1-transitional.dtd">
<html xmlns="http://www.w3.org/1999/xhtml" xml:lang="en" lang="en">
 <head>
  <title>
</title>
<meta http-equiv="Content-Type" content="text/html;charset=utf-8" />
  <meta name='ocr-system' content='tesseract 3.04.00' />
  <meta name='ocr-capabilities' content='ocr_page ocr_carea ocr_par ocr_line ocrx_word'/>
</head>
<body>
  <div class='ocr_page' id='page_1' title='image "./quaestionesbabr00getzgoog_0042.png"; bbox 0 0 4234 6017; ppageno 0'>
   <div class='ocr_carea' id='block_1_1' title="bbox 385 1715 675 1772">
    <p class='ocr_par' dir='ltr' id='par_1_1' title="bbox 385 1715 675 1772">
     <span class='ocr_line' id='line_1_1' title="bbox 385 1715 675 1772; baseline -0.007 0"><span class='ocrx_word' id='word_1_1' title='bbox 385 1717 550 1772; x_wconf 85' lang='lat' dir='ltr'><strong>Babr</strong></span> <span class='ocrx_word' id='word_1_2' title='bbox 600 1715 675 1771; x_wconf 81' lang='lat'><strong>50</strong></span> 
     </span>
    </p>
   </div>
   <div class='ocr_carea' id='block_1_2' title="bbox 1995 473 2344 528">
    <p class='ocr_par' dir='ltr' id='par_1_2' title="bbox 1995 473 2344 528">
     <span class='ocr_line' id='line_1_2' title="bbox 1995 473 2344 528; baseline -0.003 -15"><span class='ocrx_word' id='word_1_3' title='bbox 1995 473 2344 528; x_wconf 74' lang='lat'><strong>-33-</strong></span> 
     </span>
    </p>
   </div>
   <div class='ocr_carea' id='block_1_3' title="bbox 679 651 3670 1806">
    <p class='ocr_par' dir='ltr' id='par_1_3' title="bbox 679 651 3666 1161">
     <span class='ocr_line' id='line_1_3' title="bbox 679 651 3663 738; baseline 0.001 -19"><span class='ocrx_word' id='word_1_4' title='bbox 679 653 986 720; x_wconf 81' lang='lat' dir='ltr'><strong>extremis</strong></span> <span class='ocrx_word' id='word_1_5' title='bbox 1048 654 1112 718; x_wconf 90' lang='lat' dir='ltr'><strong>in</strong></span> <span class='ocrx_word' id='word_1_6' title='bbox 1160 653 1336 738; x_wconf 87' lang='lat' dir='ltr'><strong>agris</strong></span> <span class='ocrx_word' id='word_1_7' title='bbox 1401 651 1568 719; x_wconf 90' lang='lat' dir='ltr'><strong>inter</strong></span> <span class='ocrx_word' id='word_1_8' title='bbox 1614 652 1840 737; x_wconf 81' lang='lat' dir='ltr'><strong>glebas</strong></span> <span class='ocrx_word' id='word_1_9' title='bbox 1886 653 2209 719; x_wconf 86' lang='lat' dir='ltr'><strong>viventem</strong></span> <span class='ocrx_word' id='word_1_10' title='bbox 2256 654 2431 736; x_wconf 86' lang='lat' dir='ltr'><strong>fecit,</strong></span> <span class='ocrx_word' id='word_1_11' title='bbox 2503 653 2612 719; x_wconf 92' lang='lat' dir='ltr'><strong>ubi</strong></span> <span class='ocrx_word' id='word_1_12' title='bbox 2659 654 2895 719; x_wconf 86' lang='lat' dir='ltr'><strong>famem</strong></span> <span class='ocrx_word' id='word_1_13' title='bbox 2943 675 3070 721; x_wconf 92' lang='lat' dir='ltr'><strong>non</strong></span> <span class='ocrx_word' id='word_1_14' title='bbox 3134 654 3256 720; x_wconf 90' lang='lat' dir='ltr'><strong>nisi</strong></span> <span class='ocrx_word' id='word_1_15' title='bbox 3323 657 3663 723; x_wconf 85' lang='lat' dir='ltr'><strong>herbarum</strong></span> 
     </span>
     <span class='ocr_line' id='line_1_4' title="bbox 682 758 3666 849; baseline 0.002 -25"><span class='ocrx_word' id='word_1_16' title='bbox 682 759 1010 826; x_wconf 81' lang='lat' dir='ltr'><strong>radicibus</strong></span> <span class='ocrx_word' id='word_1_17' title='bbox 1060 760 1192 825; x_wconf 91' lang='lat' dir='ltr'><strong>luto</strong></span> <span class='ocrx_word' id='word_1_18' title='bbox 1239 758 1612 843; x_wconf 84' lang='lat' dir='ltr'><strong>inquinatis,</strong></span> <span class='ocrx_word' id='word_1_19' title='bbox 1683 780 1808 842; x_wconf 90' lang='lat' dir='ltr'><strong>quo</strong></span> <span class='ocrx_word' id='word_1_20' title='bbox 1865 759 2163 826; x_wconf 88' lang='lat' dir='ltr'><strong>humilior</strong></span> <span class='ocrx_word' id='word_1_21' title='bbox 2228 761 2408 826; x_wconf 88' lang='lat' dir='ltr'><strong>cibus</strong></span> <span class='ocrx_word' id='word_1_22' title='bbox 2476 760 2586 826; x_wconf 82' lang='lat' dir='ltr'><strong>vix</strong></span> <span class='ocrx_word' id='word_1_23' title='bbox 2654 761 2991 841; x_wconf 88' lang='lat' dir='ltr'><strong>invenitur,</strong></span> <span class='ocrx_word' id='word_1_24' title='bbox 3063 763 3388 847; x_wconf 85' lang='lat' dir='ltr'><strong>expellere</strong></span> <span class='ocrx_word' id='word_1_25' title='bbox 3453 771 3666 849; x_wconf 84' lang='lat' dir='ltr'><strong>potest</strong></span> 
     </span>
     <span class='ocr_line' id='line_1_5' title="bbox 685 858 3664 953; baseline 0.003 -27"><span class='ocrx_word' id='word_1_26' title='bbox 685 866 752 942; x_wconf 90' lang='lat' dir='ltr'><strong>(v</strong></span> <span class='ocrx_word' id='word_1_27' title='bbox 799 864 840 927; x_wconf 90' lang='lat'>6</span> <span class='ocrx_word' id='word_1_28' title='bbox 873 881 979 944; x_wconf 87' lang='lat' dir='ltr'><strong>sq:</strong></span> <span class='ocrx_word' id='word_1_29' title='bbox 1027 862 1297 942; x_wconf 84' lang='grc' dir='ltr'>τρώγων</span> <span class='ocrx_word' id='word_1_30' title='bbox 1329 858 1386 926; x_wconf 89' lang='grc' dir='ltr'><strong>δ’</strong></span> <span class='ocrx_word' id='word_1_31' title='bbox 1422 860 1651 941; x_wconf 89' lang='grc' dir='ltr'>ἀραιὰς</span> <span class='ocrx_word' id='word_1_32' title='bbox 1696 864 1798 926; x_wconf 88' lang='grc' dir='ltr'>καὶ</span> <span class='ocrx_word' id='word_1_33' title='bbox 1846 862 2231 943; x_wconf 82' lang='grc' dir='ltr'>διαβρόχους</span> <span class='ocrx_word' id='word_1_34' title='bbox 2280 866 2463 931; x_wconf 85' lang='grc' dir='ltr'>σίτου</span> <span class='ocrx_word' id='word_1_35' title='bbox 2518 871 2527 945; x_wconf 79' lang='lat' dir='ltr'><strong>l</strong></span> <span class='ocrx_word' id='word_1_36' title='bbox 2579 868 2755 947; x_wconf 84' lang='grc' dir='ltr'>ῥίζας</span> <span class='ocrx_word' id='word_1_37' title='bbox 2803 869 3065 953; x_wconf 86' lang='grc' dir='ltr'>μελαίνῃ</span> <span class='ocrx_word' id='word_1_38' title='bbox 3115 873 3664 951; x_wconf 89' lang='grc' dir='ltr'>συμπεφυρμένας</span> 
     </span>
     <span class='ocr_line' id='line_1_6' title="bbox 687 968 3662 1054; baseline 0.004 -20"><span class='ocrx_word' id='word_1_39' title='bbox 687 970 924 1054; x_wconf 83' lang='grc' dir='ltr'>βώλῳ).</span> <span class='ocrx_word' id='word_1_40' title='bbox 1017 988 1134 1054; x_wconf 92' lang='lat' dir='ltr'><strong>pro</strong></span> <span class='ocrx_word' id='word_1_41' title='bbox 1199 968 1323 1034; x_wconf 92' lang='lat' dir='ltr'><strong>hoc</strong></span> <span class='ocrx_word' id='word_1_42' title='bbox 1388 988 1542 1052; x_wconf 87' lang='lat' dir='ltr'><strong>ergo</strong></span> <span class='ocrx_word' id='word_1_43' title='bbox 1590 988 1659 1034; x_wconf 89' lang='lat' dir='ltr'><strong>se</strong></span> <span class='ocrx_word' id='word_1_44' title='bbox 1705 969 1898 1049; x_wconf 87' lang='grc' dir='ltr'>κέρας</span> <span class='ocrx_word' id='word_1_45' title='bbox 1943 969 2317 1051; x_wconf 88' lang='grc' dir='ltr'>Ἀμαλθείας</span> <span class='ocrx_word' id='word_1_46' title='bbox 2338 976 2385 1053; x_wconf 86' lang='lat'><strong>¹)</strong></span> <span class='ocrx_word' id='word_1_47' title='bbox 2453 973 2731 1040; x_wconf 85' lang='lat' dir='ltr'><strong>incolere</strong></span> <span class='ocrx_word' id='word_1_48' title='bbox 2787 994 2925 1041; x_wconf 88' lang='lat' dir='ltr'><strong>mus</strong></span> <span class='ocrx_word' id='word_1_49' title='bbox 2984 975 3369 1043; x_wconf 90' lang='lat' dir='ltr'><strong>domesticus</strong></span> <span class='ocrx_word' id='word_1_50' title='bbox 3437 980 3662 1045; x_wconf 87' lang='lat' dir='ltr'><strong>merito</strong></span> 
     </span>
     <span class='ocr_line' id='line_1_7' title="bbox 684 1075 1558 1161; baseline -0.001 -20"><span class='ocrx_word' id='word_1_51' title='bbox 684 1076 903 1142; x_wconf 79' lang='lat' dir='ltr'><strong>dicere</strong></span> <span class='ocrx_word' id='word_1_52' title='bbox 950 1080 1163 1161; x_wconf 89' lang='lat' dir='ltr'><strong>potest</strong></span> <span class='ocrx_word' id='word_1_53' title='bbox 1209 1075 1307 1157; x_wconf 87' lang='lat' dir='ltr'><strong>(cf</strong></span> <span class='ocrx_word' id='word_1_54' title='bbox 1352 1097 1394 1140; x_wconf 89' lang='lat' dir='ltr'><strong>v</strong></span> <span class='ocrx_word' id='word_1_55' title='bbox 1433 1077 1558 1154; x_wconf 91' lang='grc'>11).</span> 
     </span>
    </p>

    <p class='ocr_par' dir='ltr' id='par_1_4' title="bbox 687 1181 3669 1700">
     <span class='ocr_line' id='line_1_8' title="bbox 899 1181 3663 1273; baseline 0.004 -25"><span class='ocrx_word' id='word_1_56' title='bbox 899 1181 1252 1248; x_wconf 88' lang='lat' dir='ltr'><strong>Evidenter</strong></span> <span class='ocrx_word' id='word_1_57' title='bbox 1299 1202 1453 1266; x_wconf 89' lang='lat' dir='ltr'><strong>ergo</strong></span> <span class='ocrx_word' id='word_1_58' title='bbox 1524 1181 1688 1248; x_wconf 89' lang='lat' dir='ltr'><strong>haec</strong></span> <span class='ocrx_word' id='word_1_59' title='bbox 1747 1182 1988 1249; x_wconf 77' lang='lat' dir='ltr'><strong>fabella</strong></span> <span class='ocrx_word' id='word_1_60' title='bbox 2054 1184 2137 1251; x_wconf 91' lang='lat' dir='ltr'><strong>de</strong></span> <span class='ocrx_word' id='word_1_61' title='bbox 2206 1188 2440 1253; x_wconf 86' lang='lat' dir='ltr'><strong>eximio</strong></span> <span class='ocrx_word' id='word_1_62' title='bbox 2507 1195 2739 1273; x_wconf 88' lang='lat' dir='ltr'><strong>poetae</strong></span> <span class='ocrx_word' id='word_1_63' title='bbox 2806 1189 3065 1273; x_wconf 91' lang='lat' dir='ltr'><strong>ingenio</strong></span> <span class='ocrx_word' id='word_1_64' title='bbox 3133 1196 3426 1258; x_wconf 89' lang='lat' dir='ltr'><strong>testatur.</strong></span> <span class='ocrx_word' id='word_1_65' title='bbox 3518 1214 3663 1258; x_wconf 87' lang='lat' dir='ltr'><strong>nam</strong></span> 
     </span>
     <span class='ocr_line' id='line_1_9' title="bbox 687 1287 3667 1385; baseline 0.003 -28"><span class='ocrx_word' id='word_1_66' title='bbox 687 1290 852 1357; x_wconf 88' lang='lat' dir='ltr'><strong>mira</strong></span> <span class='ocrx_word' id='word_1_67' title='bbox 898 1287 1176 1373; x_wconf 89' lang='lat' dir='ltr'><strong>quadam</strong></span> <span class='ocrx_word' id='word_1_68' title='bbox 1226 1296 1368 1355; x_wconf 88' lang='lat' dir='ltr'><strong>arte</strong></span> <span class='ocrx_word' id='word_1_69' title='bbox 1415 1309 1496 1355; x_wconf 84' lang='lat' dir='ltr'><strong>ex</strong></span> <span class='ocrx_word' id='word_1_70' title='bbox 1528 1289 1825 1375; x_wconf 87' lang='lat' dir='ltr'><strong>apolog0‚</strong></span> <span class='ocrx_word' id='word_1_71' title='bbox 1876 1291 1982 1372; x_wconf 89' lang='lat' dir='ltr'><strong>qui</strong></span> <span class='ocrx_word' id='word_1_72' title='bbox 2029 1293 2326 1378; x_wconf 86' lang='lat' dir='ltr'><strong>primitus</strong></span> <span class='ocrx_word' id='word_1_73' title='bbox 2356 1316 2481 1359; x_wconf 92' lang='lat' dir='ltr'><strong>non</strong></span> <span class='ocrx_word' id='word_1_74' title='bbox 2515 1296 2636 1362; x_wconf 89' lang='lat' dir='ltr'><strong>nisi</strong></span> <span class='ocrx_word' id='word_1_75' title='bbox 2668 1294 2751 1360; x_wconf 87' lang='lat' dir='ltr'><strong>ad</strong></span> <span class='ocrx_word' id='word_1_76' title='bbox 2787 1294 3101 1362; x_wconf 83' lang='lat' dir='ltr'><strong>humanae</strong></span> <span class='ocrx_word' id='word_1_77' title='bbox 3135 1298 3307 1364; x_wconf 86' lang='lat' dir='ltr'><strong>vitae</strong></span> <span class='ocrx_word' id='word_1_78' title='bbox 3339 1300 3667 1385; x_wconf 86' lang='lat' dir='ltr'><strong>exemplar</strong></span> 
     </span>
     <span class='ocr_line' id='line_1_10' title="bbox 692 1396 3666 1485; baseline 0.001 -22"><span class='ocrx_word' id='word_1_79' title='bbox 692 1399 886 1464; x_wconf 84' lang='lat' dir='ltr'><strong>fictus</strong></span> <span class='ocrx_word' id='word_1_80' title='bbox 933 1403 1094 1480; x_wconf 86' lang='lat' dir='ltr'><strong>erat,</strong></span> <span class='ocrx_word' id='word_1_81' title='bbox 1142 1396 1563 1463; x_wconf 86' lang='lat' dir='ltr'><strong>variationem</strong></span> <span class='ocrx_word' id='word_1_82' title='bbox 1609 1397 1733 1463; x_wconf 90' lang='lat' dir='ltr'><strong>sibi</strong></span> <span class='ocrx_word' id='word_1_83' title='bbox 1779 1397 1937 1463; x_wconf 87' lang='lat' dir='ltr'><strong>fecit</strong></span> <span class='ocrx_word' id='word_1_84' title='bbox 1983 1398 2426 1480; x_wconf 89' lang='lat' dir='ltr'><strong>antiquissimo</strong></span> <span class='ocrx_word' id='word_1_85' title='bbox 2473 1397 2567 1462; x_wconf 92' lang='lat' dir='ltr'><strong>illi</strong></span> <span class='ocrx_word' id='word_1_86' title='bbox 2598 1397 2977 1464; x_wconf 86' lang='lat' dir='ltr'><strong>fabellarum</strong></span> <span class='ocrx_word' id='word_1_87' title='bbox 3008 1401 3229 1482; x_wconf 87' lang='lat' dir='ltr'><strong>generi</strong></span> <span class='ocrx_word' id='word_1_88' title='bbox 3261 1401 3666 1485; x_wconf 87' lang='lat' dir='ltr'><strong>simillimam,</strong></span> 
     </span>
     <span class='ocr_line' id='line_1_11' title="bbox 693 1503 3669 1593; baseline 0.002 -24"><span class='ocrx_word' id='word_1_89' title='bbox 693 1505 798 1571; x_wconf 88' lang='lat' dir='ltr'><strong>ubi</strong></span> <span class='ocrx_word' id='word_1_90' title='bbox 847 1524 968 1570; x_wconf 91' lang='lat' dir='ltr'><strong>nec</strong></span> <span class='ocrx_word' id='word_1_91' title='bbox 1015 1524 1201 1570; x_wconf 88' lang='lat' dir='ltr'><strong>veras</strong></span> <span class='ocrx_word' id='word_1_92' title='bbox 1247 1503 1527 1569; x_wconf 86' lang='lat' dir='ltr'><strong>ferarum</strong></span> <span class='ocrx_word' id='word_1_93' title='bbox 1575 1523 1883 1588; x_wconf 87' lang='lat' dir='ltr'><strong>personas</strong></span> <span class='ocrx_word' id='word_1_94' title='bbox 1928 1524 2049 1570; x_wconf 92' lang='lat' dir='ltr'><strong>nec</strong></span> <span class='ocrx_word' id='word_1_95' title='bbox 2096 1504 2419 1588; x_wconf 86' lang='lat' dir='ltr'><strong>quandam</strong></span> <span class='ocrx_word' id='word_1_96' title='bbox 2466 1505 2942 1590; x_wconf 85' lang='lat' dir='ltr'><strong>simplicitatem</strong></span> <span class='ocrx_word' id='word_1_97' title='bbox 2989 1507 3401 1575; x_wconf 86' lang='lat' dir='ltr'><strong>bestiolarum</strong></span> <span class='ocrx_word' id='word_1_98' title='bbox 3448 1511 3669 1593; x_wconf 87' lang='lat' dir='ltr'><strong>generi</strong></span> 
     </span>
     <span class='ocr_line' id='line_1_12' title="bbox 689 1609 1923 1700; baseline 0 -23"><span class='ocrx_word' id='word_1_99' title='bbox 689 1611 928 1696; x_wconf 89' lang='lat' dir='ltr'><strong>optime</strong></span> <span class='ocrx_word' id='word_1_100' title='bbox 975 1609 1527 1676; x_wconf 88' lang='lat' dir='ltr'><strong>accommodatam</strong></span> <span class='ocrx_word' id='word_1_101' title='bbox 1575 1609 1923 1700; x_wconf 79' lang='lat' dir='ltr'><strong>desideras·</strong></span> 
     </span>
    </p>

    <p class='ocr_par' dir='ltr' id='par_1_5' title="bbox 907 1717 3670 1806">
     <span class='ocr_line' id='line_1_13' title="bbox 907 1717 3670 1806; baseline 0.003 -23"><span class='ocrx_word' id='word_1_102' title='bbox 907 1717 1196 1785; x_wconf 89' lang='lat' dir='ltr'><strong>Eandem</strong></span> <span class='ocrx_word' id='word_1_103' title='bbox 1269 1719 1581 1784; x_wconf 87' lang='lat' dir='ltr'><strong>rationem</strong></span> <span class='ocrx_word' id='word_1_104' title='bbox 1643 1718 1999 1785; x_wconf 88' lang='lat' dir='ltr'><strong>invenimus</strong></span> <span class='ocrx_word' id='word_1_105' title='bbox 2063 1721 2129 1783; x_wconf 92' lang='lat' dir='ltr'><strong>in</strong></span> <span class='ocrx_word' id='word_1_106' title='bbox 2180 1721 2396 1786; x_wconf 86' lang='lat' dir='ltr'><strong>Babrii</strong></span> <span class='ocrx_word' id='word_1_107' title='bbox 2466 1721 2941 1787; x_wconf 85' lang='lat' dir='ltr'><strong>narratiuncula</strong></span> <span class='ocrx_word' id='word_1_108' title='bbox 2994 1720 3103 1804; x_wconf 79' lang='lat'><strong>5⁰,</strong></span> <span class='ocrx_word' id='word_1_109' title='bbox 3175 1743 3341 1806; x_wconf 88' lang='lat' dir='ltr'><strong>quae</strong></span> <span class='ocrx_word' id='word_1_110' title='bbox 3410 1730 3508 1790; x_wconf 87' lang='lat' dir='ltr'><strong>est</strong></span> <span class='ocrx_word' id='word_1_111' title='bbox 3575 1724 3670 1790; x_wconf 89' lang='lat' dir='ltr'><strong>de</strong></span> 
     </span>
    </p>
   </div>
   <div class='ocr_carea' id='block_1_4' title="bbox 689 1825 3667 2018">
    <p class='ocr_par' dir='ltr' id='par_1_6' title="bbox 689 1825 3667 2018">
     <span class='ocr_line' id='line_1_14' title="bbox 689 1825 3667 1916; baseline 0 -21"><span class='ocrx_word' id='word_1_112' title='bbox 689 1828 1084 1911; x_wconf 84' lang='lat' dir='ltr'><strong>lignatore</strong></span> <span class='ocrx_word' id='word_1_113' title='bbox 1139 1825 1405 1912; x_wconf 87' lang='lat' dir='ltr'><strong>vulpis</strong></span> <span class='ocrx_word' id='word_1_114' title='bbox 1452 1826 1868 1893; x_wconf 88' lang='lat' dir='ltr'><strong>latibulum</strong></span> <span class='ocrx_word' id='word_1_115' title='bbox 1932 1828 2293 1904; x_wconf 70' lang='lat' dir='ltr'><strong>venatori</strong></span> <span class='ocrx_word' id='word_1_116' title='bbox 2361 1827 2656 1912; x_wconf 90' lang='lat' dir='ltr'><strong>digito,</strong></span> <span class='ocrx_word' id='word_1_117' title='bbox 2728 1849 2876 1895; x_wconf 91' lang='lat' dir='ltr'><strong>non</strong></span> <span class='ocrx_word' id='word_1_118' title='bbox 2945 1850 3135 1896; x_wconf 90' lang='lat' dir='ltr'><strong>voce</strong></span> <span class='ocrx_word' id='word_1_119' title='bbox 3202 1830 3667 1916; x_wconf 79' lang='lat' dir='ltr'><strong>prodente2).</strong></span> 
     </span>
     <span class='ocr_line' id='line_1_15' title="bbox 689 1934 1608 2018; baseline -0.003 -18"><span class='ocrx_word' id='word_1_120' title='bbox 689 1941 903 2001; x_wconf 84' lang='lat' dir='ltr'><strong>exstat</strong></span> <span class='ocrx_word' id='word_1_121' title='bbox 950 1934 1192 1999; x_wconf 87' lang='lat' dir='ltr'><strong>fabella</strong></span> <span class='ocrx_word' id='word_1_122' title='bbox 1238 1940 1608 2018; x_wconf 87' lang='lat' dir='ltr'><strong>praeterea:</strong></span> 
     </span>
    </p>
   </div>
   <div class='ocr_carea' id='block_1_5' title="bbox 688 2038 3670 2199">
    <p class='ocr_par' dir='ltr' id='par_1_7' title="bbox 688 2038 3670 2199">
     <span class='ocr_line' id='line_1_16' title="bbox 900 2038 3670 2114; baseline 0.001 -20"><span class='ocrx_word' id='word_1_123' title='bbox 900 2039 1142 2094; x_wconf 86' lang='lat' dir='ltr'><strong>Phaedr</strong></span> <span class='ocrx_word' id='word_1_124' title='bbox 1178 2038 1316 2110; x_wconf 86' lang='lat' dir='ltr'><strong>App</strong></span> <span class='ocrx_word' id='word_1_125' title='bbox 1354 2038 1450 2106; x_wconf 78' lang='lat'><strong>263</strong></span> <span class='ocrx_word' id='word_1_126' title='bbox 1488 2038 1713 2093; x_wconf 86' lang='lat' dir='ltr'><strong>Maxim</strong></span> <span class='ocrx_word' id='word_1_127' title='bbox 1763 2040 1889 2110; x_wconf 80' lang='lat' dir='ltr'><strong>Tyr</strong></span> <span class='ocrx_word' id='word_1_128' title='bbox 1926 2040 2066 2094; x_wconf 81' lang='lat' dir='ltr'><strong>Diss</strong></span> <span class='ocrx_word' id='word_1_129' title='bbox 2105 2040 2194 2094; x_wconf 93' lang='lat'><strong>111</strong></span> <span class='ocrx_word' id='word_1_130' title='bbox 2223 2041 2251 2093; x_wconf 92' lang='lat'>1</span> <span class='ocrx_word' id='word_1_131' title='bbox 2291 2039 2511 2096; x_wconf 83' lang='lat' dir='ltr'><strong>Reiske</strong></span> <span class='ocrx_word' id='word_1_132' title='bbox 2534 2063 2598 2087; x_wconf 91' lang='lat'>=</span> <span class='ocrx_word' id='word_1_133' title='bbox 2623 2040 2747 2095; x_wconf 89' lang='lat' dir='ltr'><strong>Kor</strong></span> <span class='ocrx_word' id='word_1_134' title='bbox 2788 2042 2963 2110; x_wconf 72' lang='lat'><em>12703</em></span> <span class='ocrx_word' id='word_1_135' title='bbox 3001 2042 3150 2098; x_wconf 88' lang='lat' dir='ltr'><strong>Rom</strong></span> <span class='ocrx_word' id='word_1_136' title='bbox 3191 2044 3272 2099; x_wconf 92' lang='lat' dir='ltr'><strong>IV</strong></span> <span class='ocrx_word' id='word_1_137' title='bbox 3290 2045 3352 2112; x_wconf 79' lang='lat'><strong>33</strong></span> <span class='ocrx_word' id='word_1_138' title='bbox 3389 2041 3670 2114; x_wconf 82' lang='lat' dir='ltr'><strong>Anonym</strong></span> 
     </span>
     <span class='ocr_line' id='line_1_17' title="bbox 688 2128 1762 2199; baseline 0 -15"><span class='ocrx_word' id='word_1_139' title='bbox 688 2153 756 2176; x_wconf 91' lang='lat'><strong><em>=</em></strong></span> <span class='ocrx_word' id='word_1_140' title='bbox 777 2129 903 2185; x_wconf 89' lang='lat' dir='ltr'><strong>Kor</strong></span> <span class='ocrx_word' id='word_1_141' title='bbox 954 2130 1055 2185; x_wconf 76' lang='lat'><strong>127</strong></span> <span class='ocrx_word' id='word_1_142' title='bbox 1128 2151 1196 2176; x_wconf 95' lang='lat'>=</span> <span class='ocrx_word' id='word_1_143' title='bbox 1218 2144 1344 2199; x_wconf 84' lang='lat' dir='ltr'><strong>pag</strong></span> <span class='ocrx_word' id='word_1_144' title='bbox 1378 2128 1485 2182; x_wconf 77' lang='lat'><strong>329</strong></span> <span class='ocrx_word' id='word_1_145' title='bbox 1506 2150 1573 2173; x_wconf 89' lang='lat'>=</span> <span class='ocrx_word' id='word_1_146' title='bbox 1598 2128 1762 2184; x_wconf 75' lang='lat'><strong>1271».</strong></span> 
     </span>
    </p>
   </div>
   <div class='ocr_carea' id='block_1_6' title="bbox 690 2309 3688 4338">
    <p class='ocr_par' dir='ltr' id='par_1_8' title="bbox 690 2309 3688 4338">
     <span class='ocr_line' id='line_1_18' title="bbox 1469 2309 3333 2379; baseline 0.002 -4"><span class='ocrx_word' id='word_1_147' title='bbox 1469 2309 1683 2376; x_wconf 83' lang='lat' dir='ltr'><strong>Babr</strong></span> <span class='ocrx_word' id='word_1_148' title='bbox 1728 2310 1838 2375; x_wconf 87' lang='lat'><strong>50</strong></span> <span class='ocrx_word' id='word_1_149' title='bbox 2933 2311 3096 2377; x_wconf 88' lang='lat' dir='ltr'><strong>Kor</strong></span> <span class='ocrx_word' id='word_1_150' title='bbox 3142 2310 3333 2379; x_wconf 70' lang='lat'><strong>1271&gt;</strong></span> 
     </span>
     <span class='ocr_line' id='line_1_19' title="bbox 690 2432 3674 2517; baseline 0.001 -17"><span class='ocrx_word' id='word_1_151' title='bbox 690 2435 959 2515; x_wconf 71' lang='grc' dir='ltr'>’ἔφευγ’</span> <span class='ocrx_word' id='word_1_152' title='bbox 1008 2434 1292 2516; x_wconf 81' lang='grc' dir='ltr'>ἀλώπηξ,</span> <span class='ocrx_word' id='word_1_153' title='bbox 1339 2440 1453 2512; x_wconf 87' lang='grc' dir='ltr'>τῆς</span> <span class='ocrx_word' id='word_1_154' title='bbox 1502 2432 1839 2500; x_wconf 82' lang='grc' dir='ltr'>δ”ὄπισθε</span> <span class='ocrx_word' id='word_1_155' title='bbox 1886 2434 2264 2514; x_wconf 85' lang='grc' dir='ltr'>φευγούσης</span> <span class='ocrx_word' id='word_1_156' title='bbox 2658 2434 2950 2513; x_wconf 85' lang='grc' dir='ltr'>Ἀλώπηξ</span> <span class='ocrx_word' id='word_1_157' title='bbox 2984 2437 3301 2516; x_wconf 84' lang='grc' dir='ltr'>κυνηγοὺς</span> <span class='ocrx_word' id='word_1_158' title='bbox 3334 2437 3674 2517; x_wconf 91' lang='grc' dir='ltr'>φεύγουσα</span> 
     </span>
     <span class='ocr_line' id='line_1_20' title="bbox 690 2541 3674 2627; baseline 0.001 -20"><span class='ocrx_word' id='word_1_159' title='bbox 690 2542 970 2620; x_wconf 89' lang='grc' dir='ltr'>κυνηγὸς</span> <span class='ocrx_word' id='word_1_160' title='bbox 1019 2541 1380 2620; x_wconf 81' lang='grc' dir='ltr'>ἐτρόχαζεν.</span> <span class='ocrx_word' id='word_1_161' title='bbox 1429 2543 1468 2619; x_wconf 89' lang='grc' dir='ltr'>ἣ</span> <span class='ocrx_word' id='word_1_162' title='bbox 1515 2546 1572 2605; x_wconf 92' lang='grc' dir='ltr'><strong>δ’</strong></span> <span class='ocrx_word' id='word_1_163' title='bbox 1623 2541 1963 2622; x_wconf 83' lang='grc' dir='ltr'>ἐκεκμήκει,</span> <span class='ocrx_word' id='word_1_164' title='bbox 2607 2542 2698 2620; x_wconf 82' lang='grc' dir='ltr'><strong>ὡς</strong></span> <span class='ocrx_word' id='word_1_165' title='bbox 2746 2541 3060 2606; x_wconf 88' lang='grc' dir='ltr'>ἐθεάσατο</span> <span class='ocrx_word' id='word_1_166' title='bbox 3127 2544 3465 2627; x_wconf 90' lang='grc' dir='ltr'>δρυτόμον,</span> <span class='ocrx_word' id='word_1_167' title='bbox 3530 2549 3674 2609; x_wconf 84' lang='grc' dir='ltr'>τοῦ·</span> 
     </span>
     <span class='ocr_line' id='line_1_21' title="bbox 695 2646 3675 2730; baseline 0.001 -16"><span class='ocrx_word' id='word_1_168' title='bbox 695 2649 1018 2728; x_wconf 90' lang='grc' dir='ltr'>δρυτόμον</span> <span class='ocrx_word' id='word_1_169' title='bbox 1066 2646 1123 2712; x_wconf 89' lang='grc' dir='ltr'><strong>δ’</strong></span> <span class='ocrx_word' id='word_1_170' title='bbox 1173 2647 1406 2712; x_wconf 81' lang='grc' dir='ltr'>ἰδοῦσα</span> <span class='ocrx_word' id='word_1_171' title='bbox 1457 2648 1660 2728; x_wconf 87' lang='grc' dir='ltr'>,,πρός</span> <span class='ocrx_word' id='word_1_172' title='bbox 1710 2653 1878 2713; x_wconf 87' lang='grc' dir='ltr'>θεῶν</span> <span class='ocrx_word' id='word_1_173' title='bbox 1925 2663 2002 2713; x_wconf 90' lang='grc' dir='ltr'>σε</span> <span class='ocrx_word' id='word_1_174' title='bbox 2048 2649 2386 2730; x_wconf 87' lang='grc' dir='ltr'>σωτήρων,</span> <span class='ocrx_word' id='word_1_175' title='bbox 2610 2668 2727 2712; x_wconf 88' lang='grc' dir='ltr'><strong>τον</strong></span> <span class='ocrx_word' id='word_1_176' title='bbox 2817 2649 3178 2714; x_wconf 85' lang='grc' dir='ltr'>καθικέτευε</span> <span class='ocrx_word' id='word_1_177' title='bbox 3278 2651 3675 2730; x_wconf 88' lang='grc' dir='ltr'>κατακρύψαι</span> 
     </span>
     <span class='ocr_line' id='line_1_22' title="bbox 692 2754 3675 2841; baseline 0 -20"><span class='ocrx_word' id='word_1_178' title='bbox 692 2756 946 2835; x_wconf 85' lang='grc' dir='ltr'>κρύψον</span> <span class='ocrx_word' id='word_1_179' title='bbox 993 2777 1067 2835; x_wconf 90' lang='grc' dir='ltr'>με</span> <span class='ocrx_word' id='word_1_180' title='bbox 1114 2754 1375 2834; x_wconf 90' lang='grc' dir='ltr'>ταύταις</span> <span class='ocrx_word' id='word_1_181' title='bbox 1423 2754 1525 2833; x_wconf 85' lang='grc' dir='ltr'><strong>αἷς</strong></span> <span class='ocrx_word' id='word_1_182' title='bbox 1572 2754 1816 2834; x_wconf 82' lang='grc' dir='ltr'>ἔκοψας</span> <span class='ocrx_word' id='word_1_183' title='bbox 1864 2755 2189 2837; x_wconf 90' lang='grc' dir='ltr'>αἰγείροις,</span> <span class='ocrx_word' id='word_1_184' title='bbox 2609 2754 2838 2833; x_wconf 86' lang='grc' dir='ltr'>αὐτήν·</span> <span class='ocrx_word' id='word_1_185' title='bbox 2888 2755 2926 2819; x_wconf 88' lang='grc' dir='ltr'>ὁ</span> <span class='ocrx_word' id='word_1_186' title='bbox 2974 2755 3032 2819; x_wconf 84' lang='grc' dir='ltr'><strong>δ’</strong></span> <span class='ocrx_word' id='word_1_187' title='bbox 3093 2759 3458 2841; x_wconf 83' lang='grc' dir='ltr'>παρῄνεσεν</span> <span class='ocrx_word' id='word_1_188' title='bbox 3516 2758 3675 2841; x_wconf 87' lang='grc' dir='ltr'>αὐτῇ</span> 
     </span>
     <span class='ocr_line' id='line_1_23' title="bbox 694 2860 3676 2948; baseline 0 -20"><span class='ocrx_word' id='word_1_189' title='bbox 694 2865 797 2929; x_wconf 89' lang='grc' dir='ltr'>καὶ</span> <span class='ocrx_word' id='word_1_190' title='bbox 842 2869 935 2948; x_wconf 81' lang='grc' dir='ltr'>τῷ</span> <span class='ocrx_word' id='word_1_191' title='bbox 982 2865 1277 2947; x_wconf 83' lang='grc' dir='ltr'>κυνηγῷ“</span> <span class='ocrx_word' id='word_1_192' title='bbox 1331 2863 1511 2941; x_wconf 75' lang='grc' dir='ltr'>φησί.</span> <span class='ocrx_word' id='word_1_193' title='bbox 1548 2862 1670 2947; x_wconf 85' lang='grc' dir='ltr'>,,μή</span> <span class='ocrx_word' id='word_1_194' title='bbox 1718 2881 1792 2941; x_wconf 93' lang='grc' dir='ltr'>με</span> <span class='ocrx_word' id='word_1_195' title='bbox 1840 2860 2194 2945; x_wconf 86' lang='grc' dir='ltr'>μηνύσῃς.“</span> <span class='ocrx_word' id='word_1_196' title='bbox 2612 2862 2703 2941; x_wconf 90' lang='grc' dir='ltr'>εἰς</span> <span class='ocrx_word' id='word_1_197' title='bbox 2735 2863 2854 2940; x_wconf 88' lang='grc' dir='ltr'><strong>τὴν</strong></span> <span class='ocrx_word' id='word_1_198' title='bbox 2885 2862 3118 2926; x_wconf 83' lang='grc' dir='ltr'>ἑαυτοῦ</span> <span class='ocrx_word' id='word_1_199' title='bbox 3152 2863 3435 2944; x_wconf 89' lang='grc' dir='ltr'>καλύβην</span> <span class='ocrx_word' id='word_1_200' title='bbox 3478 2864 3676 2929; x_wconf 89' lang='grc' dir='ltr'>εἰσελ-</span> 
     </span>
     <span class='ocr_line' id='line_1_24' title="bbox 693 2967 3677 3050; baseline 0 -15"><span class='ocrx_word' id='word_1_201' title='bbox 693 2971 732 3035; x_wconf 88' lang='grc' dir='ltr'><strong><em>ὃ</em></strong></span> <span class='ocrx_word' id='word_1_202' title='bbox 780 2967 836 3035; x_wconf 86' lang='grc' dir='ltr'><strong>δ’</strong></span> <span class='ocrx_word' id='word_1_203' title='bbox 887 2969 966 3034; x_wconf 84' lang='grc' dir='ltr'><strong>οὐ</strong></span> <span class='ocrx_word' id='word_1_204' title='bbox 1013 2969 1383 3049; x_wconf 82' lang='grc' dir='ltr'>προδώσειν</span> <span class='ocrx_word' id='word_1_205' title='bbox 1429 2968 1663 3048; x_wconf 84' lang='grc' dir='ltr'>ώμνυ’·</span> <span class='ocrx_word' id='word_1_206' title='bbox 1711 2970 1750 3048; x_wconf 84' lang='grc' dir='ltr'>ἢ</span> <span class='ocrx_word' id='word_1_207' title='bbox 1799 2969 1856 3033; x_wconf 85' lang='grc' dir='ltr'><strong>δ’</strong></span> <span class='ocrx_word' id='word_1_208' title='bbox 1906 2967 2303 3049; x_wconf 89' lang='grc' dir='ltr'>ἀπεκρύφθη.</span> <span class='ocrx_word' id='word_1_209' title='bbox 2612 2972 2750 3036; x_wconf 84' lang='grc' dir='ltr'>θεῖν</span> <span class='ocrx_word' id='word_1_210' title='bbox 2796 2969 2898 3033; x_wconf 88' lang='grc' dir='ltr'>καὶ</span> <span class='ocrx_word' id='word_1_211' title='bbox 2953 2973 3278 3049; x_wconf 85' lang='grc' dir='ltr'>κρυβῆναι.</span> <span class='ocrx_word' id='word_1_212' title='bbox 3373 2968 3504 3050; x_wconf 85' lang='grc' dir='ltr'>μετ’</span> <span class='ocrx_word' id='word_1_213' title='bbox 3596 2972 3677 3036; x_wconf 87' lang='grc' dir='ltr'><strong>οὐ</strong></span> 
     </span>
     <span class='ocr_line' id='line_1_25' title="bbox 693 3072 3679 3158; baseline 0 -16"><span class='ocrx_word' id='word_1_214' title='bbox 693 3078 889 3157; x_wconf 84' lang='grc' dir='ltr'>ἦλθεν</span> <span class='ocrx_word' id='word_1_215' title='bbox 934 3077 1234 3158; x_wconf 89' lang='grc' dir='ltr'>κυνηγὸς,</span> <span class='ocrx_word' id='word_1_216' title='bbox 1284 3077 1387 3141; x_wconf 85' lang='grc' dir='ltr'>καὶ</span> <span class='ocrx_word' id='word_1_217' title='bbox 1432 3078 1548 3141; x_wconf 87' lang='grc' dir='ltr'><strong>τὸν</strong></span> <span class='ocrx_word' id='word_1_218' title='bbox 1596 3072 1777 3154; x_wconf 84' lang='grc' dir='ltr'>ἄνδρ’</span> <span class='ocrx_word' id='word_1_219' title='bbox 1826 3076 2149 3158; x_wconf 89' lang='grc' dir='ltr'>ἐπηρώτα,</span> <span class='ocrx_word' id='word_1_220' title='bbox 2612 3076 2779 3140; x_wconf 85' lang='grc' dir='ltr'>πολὺ</span> <span class='ocrx_word' id='word_1_221' title='bbox 2829 3077 2901 3140; x_wconf 78' lang='grc' dir='ltr'><strong>δὲ</strong></span> <span class='ocrx_word' id='word_1_222' title='bbox 2956 3078 3501 3156; x_wconf 88' lang='grc' dir='ltr'>παραγενομένων</span> <span class='ocrx_word' id='word_1_223' title='bbox 3545 3082 3679 3143; x_wconf 88' lang='grc' dir='ltr'><strong>τῶν</strong></span> 
     </span>
     <span class='ocr_line' id='line_1_26' title="bbox 694 3181 3678 3268; baseline 0 -20"><span class='ocrx_word' id='word_1_224' title='bbox 694 3186 777 3264; x_wconf 85' lang='grc' dir='ltr'><strong>μὴ</strong></span> <span class='ocrx_word' id='word_1_225' title='bbox 824 3181 961 3268; x_wconf 83' lang='grc' dir='ltr'>τῇδ’</span> <span class='ocrx_word' id='word_1_226' title='bbox 1011 3183 1275 3262; x_wconf 86' lang='grc' dir='ltr'>ἀλώπηξ</span> <span class='ocrx_word' id='word_1_227' title='bbox 1323 3184 1750 3248; x_wconf 90' lang='grc' dir='ltr'>καταδέδυκεν</span> <span class='ocrx_word' id='word_1_228' title='bbox 1795 3184 1834 3263; x_wconf 84' lang='grc' dir='ltr'>ἢ</span> <span class='ocrx_word' id='word_1_229' title='bbox 1882 3183 2129 3263; x_wconf 89' lang='grc' dir='ltr'>φεύγει.</span> <span class='ocrx_word' id='word_1_230' title='bbox 2613 3187 2909 3260; x_wconf 88' lang='grc' dir='ltr'>κυνηγῶν</span> <span class='ocrx_word' id='word_1_231' title='bbox 2984 3185 3086 3247; x_wconf 86' lang='grc' dir='ltr'>καὶ</span> <span class='ocrx_word' id='word_1_232' title='bbox 3162 3186 3307 3265; x_wconf 48' lang='grc' dir='ltr'>τοῦ,</span> <span class='ocrx_word' id='word_1_233' title='bbox 3358 3185 3678 3264; x_wconf 92' lang='grc' dir='ltr'>δρυτόμου</span> 
     </span>
     <span class='ocr_line' id='line_1_27' title="bbox 696 3288 3682 3375; baseline 0.001 -22"><span class='ocrx_word' id='word_1_234' title='bbox 696 3291 858 3373; x_wconf 88' lang='grc' dir='ltr'>,,οὐκ</span> <span class='ocrx_word' id='word_1_235' title='bbox 903 3288 1121 3355; x_wconf 83' lang='grc' dir='ltr'>εἶδον“</span> <span class='ocrx_word' id='word_1_236' title='bbox 1171 3288 1329 3372; x_wconf 81' lang='grc' dir='ltr'>εἶπε,</span> <span class='ocrx_word' id='word_1_237' title='bbox 1378 3295 1469 3375; x_wconf 83' lang='grc' dir='ltr'>τῷ</span> <span class='ocrx_word' id='word_1_238' title='bbox 1516 3291 1589 3354; x_wconf 78' lang='grc' dir='ltr'><strong>δὲ</strong></span> <span class='ocrx_word' id='word_1_239' title='bbox 1635 3289 1928 3374; x_wconf 77' lang='grc' dir='ltr'>δακτύλῳ</span> <span class='ocrx_word' id='word_1_240' title='bbox 1978 3289 2188 3355; x_wconf 91' lang='grc' dir='ltr'>νεύων</span> <span class='ocrx_word' id='word_1_241' title='bbox 2617 3290 3144 3371; x_wconf 87' lang='grc' dir='ltr'>πυνθανομένων,</span> <span class='ocrx_word' id='word_1_242' title='bbox 3249 3290 3305 3356; x_wconf 91' lang='grc' dir='ltr'>εἰ</span> <span class='ocrx_word' id='word_1_243' title='bbox 3392 3292 3682 3357; x_wconf 83' lang='grc' dir='ltr'>τεθέαται</span> 
     </span>
     <span class='ocr_line' id='line_1_28' title="bbox 694 3395 3681 3483; baseline 0.001 -21"><span class='ocrx_word' id='word_1_244' title='bbox 694 3398 811 3462; x_wconf 88' lang='grc' dir='ltr'><strong>τὸν</strong></span> <span class='ocrx_word' id='word_1_245' title='bbox 857 3396 1064 3461; x_wconf 89' lang='grc' dir='ltr'>τόπον</span> <span class='ocrx_word' id='word_1_246' title='bbox 1110 3395 1377 3461; x_wconf 85' lang='grc' dir='ltr'>ἐδείκνυ’</span> <span class='ocrx_word' id='word_1_247' title='bbox 1426 3395 1507 3460; x_wconf 88' lang='grc' dir='ltr'><strong>οὗ</strong></span> <span class='ocrx_word' id='word_1_248' title='bbox 1553 3399 1923 3476; x_wconf 85' lang='grc' dir='ltr'>πανοῦργος</span> <span class='ocrx_word' id='word_1_249' title='bbox 1972 3396 2281 3477; x_wconf 87' lang='grc' dir='ltr'>ἐκρύφθη.</span> <span class='ocrx_word' id='word_1_250' title='bbox 2449 3469 2452 3472; x_wconf 11' lang='grc' dir='ltr'><strong>Α</strong></span> <span class='ocrx_word' id='word_1_251' title='bbox 2616 3395 2918 3460; x_wconf 89' lang='grc' dir='ltr'>ἀλώπεκα</span> <span class='ocrx_word' id='word_1_252' title='bbox 3029 3400 3182 3481; x_wconf 83' lang='grc' dir='ltr'>τῇδε</span> <span class='ocrx_word' id='word_1_253' title='bbox 3293 3402 3681 3483; x_wconf 88' lang='grc' dir='ltr'>παριοῦσαν,</span> 
     </span>
     <span class='ocr_line' id='line_1_29' title="bbox 696 3502 3682 3588; baseline 0.001 -20"><span class='ocrx_word' id='word_1_254' title='bbox 696 3505 735 3568; x_wconf 89' lang='grc' dir='ltr'><strong><em>ὃ</em></strong></span> <span class='ocrx_word' id='word_1_255' title='bbox 783 3502 839 3568; x_wconf 85' lang='grc' dir='ltr'><strong>δ’</strong></span> <span class='ocrx_word' id='word_1_256' title='bbox 888 3502 1010 3568; x_wconf 85' lang='grc' dir='ltr'>οὐκ</span> <span class='ocrx_word' id='word_1_257' title='bbox 1053 3502 1362 3583; x_wconf 88' lang='grc' dir='ltr'>ἐπισχών,</span> <span class='ocrx_word' id='word_1_258' title='bbox 1409 3508 1500 3587; x_wconf 83' lang='grc' dir='ltr'>τῷ</span> <span class='ocrx_word' id='word_1_259' title='bbox 1549 3503 1722 3586; x_wconf 89' lang='grc' dir='ltr'>λόγῳ</span> <span class='ocrx_word' id='word_1_260' title='bbox 1770 3504 1842 3567; x_wconf 78' lang='grc' dir='ltr'><strong>δὲ</strong></span> <span class='ocrx_word' id='word_1_261' title='bbox 1888 3503 2267 3585; x_wconf 89' lang='grc' dir='ltr'>πιστεύσας,</span> <span class='ocrx_word' id='word_1_262' title='bbox 2621 3503 2867 3580; x_wconf 87' lang='grc' dir='ltr'>ἐκεῖνος</span> <span class='ocrx_word' id='word_1_263' title='bbox 2914 3508 2990 3586; x_wconf 86' lang='grc' dir='ltr'>τῇ</span> <span class='ocrx_word' id='word_1_264' title='bbox 3038 3504 3154 3582; x_wconf 80' lang='grc' dir='ltr'>μὲν</span> <span class='ocrx_word' id='word_1_265' title='bbox 3200 3510 3391 3588; x_wconf 86' lang='grc' dir='ltr'>φωνῇ</span> <span class='ocrx_word' id='word_1_266' title='bbox 3424 3505 3682 3584; x_wconf 83' lang='grc' dir='ltr'>ἠρνεῖτο</span> 
     </span>
     <span class='ocr_line' id='line_1_30' title="bbox 696 3605 3684 3694; baseline -0.001 -14"><span class='ocrx_word' id='word_1_267' title='bbox 696 3614 1004 3691; x_wconf 87' lang='grc' dir='ltr'>παρῆλθε.</span> <span class='ocrx_word' id='word_1_268' title='bbox 1053 3612 1290 3690; x_wconf 83' lang='grc' dir='ltr'>θερμοί)</span> <span class='ocrx_word' id='word_1_269' title='bbox 1340 3607 1397 3675; x_wconf 83' lang='grc' dir='ltr'><strong>δ’</strong></span> <span class='ocrx_word' id='word_1_270' title='bbox 1445 3605 1824 3691; x_wconf 82' lang='grc' dir='ltr'>ἐκφυγοῦσα</span> <span class='ocrx_word' id='word_1_271' title='bbox 1868 3610 2172 3676; x_wconf 88' lang='grc' dir='ltr'>κινδύνου</span> <span class='ocrx_word' id='word_1_272' title='bbox 2620 3609 2988 3691; x_wconf 88' lang='grc' dir='ltr'>ἑωρακέναι,</span> <span class='ocrx_word' id='word_1_273' title='bbox 3035 3615 3110 3694; x_wconf 86' lang='grc' dir='ltr'>τῇ</span> <span class='ocrx_word' id='word_1_274' title='bbox 3160 3611 3231 3674; x_wconf 79' lang='grc' dir='ltr'><strong>δὲ</strong></span> <span class='ocrx_word' id='word_1_275' title='bbox 3269 3612 3428 3689; x_wconf 87' lang='grc' dir='ltr'>χειρὶ</span> <span class='ocrx_word' id='word_1_276' title='bbox 3475 3612 3684 3678; x_wconf 89' lang='grc' dir='ltr'>νεύων</span> 
     </span>
     <span class='ocr_line' id='line_1_31' title="bbox 696 3716 3684 3798; baseline 0.001 -15"><span class='ocrx_word' id='word_1_277' title='bbox 696 3719 902 3798; x_wconf 83' lang='grc' dir='ltr'>κερδὼ</span> <span class='ocrx_word' id='word_1_278' title='bbox 948 3719 1215 3796; x_wconf 88' lang='grc' dir='ltr'>παχείης</span> <span class='ocrx_word' id='word_1_279' title='bbox 1263 3719 1602 3785; x_wconf 85' lang='grc' dir='ltr'>ἐξέκυπτεν</span> <span class='ocrx_word' id='word_1_280' title='bbox 1648 3717 1950 3797; x_wconf 89' lang='grc' dir='ltr'>αἰγείρου,</span> <span class='ocrx_word' id='word_1_281' title='bbox 2615 3716 2898 3795; x_wconf 85' lang='grc' dir='ltr'>ἐσήμανε</span> <span class='ocrx_word' id='word_1_282' title='bbox 2973 3718 3100 3781; x_wconf 84' lang='grc' dir='ltr'>ποῦ</span> <span class='ocrx_word' id='word_1_283' title='bbox 3163 3718 3684 3797; x_wconf 86' lang='grc' dir='ltr'>κατακέκρυπται.</span> 
     </span>
     <span class='ocr_line' id='line_1_32' title="bbox 698 3821 3683 3909; baseline 0 -19"><span class='ocrx_word' id='word_1_284' title='bbox 698 3826 983 3903; x_wconf 87' lang='grc' dir='ltr'>σεσηρὸς</span> <span class='ocrx_word' id='word_1_285' title='bbox 1031 3825 1449 3891; x_wconf 86' lang='grc' dir='ltr'>αἰκάλλουσα·</span> <span class='ocrx_word' id='word_1_286' title='bbox 1496 3831 1573 3909; x_wconf 89' lang='grc' dir='ltr'>τῇ</span> <span class='ocrx_word' id='word_1_287' title='bbox 1622 3821 1679 3889; x_wconf 86' lang='grc' dir='ltr'><strong>δ’</strong></span> <span class='ocrx_word' id='word_1_288' title='bbox 1729 3824 1767 3888; x_wconf 87' lang='grc' dir='ltr'>ὁ</span> <span class='ocrx_word' id='word_1_289' title='bbox 1814 3823 2181 3904; x_wconf 85' lang='grc' dir='ltr'>πρεσβύτης</span> <span class='ocrx_word' id='word_1_290' title='bbox 2622 3828 2754 3887; x_wconf 84' lang='grc' dir='ltr'><strong>τῶν</strong></span> <span class='ocrx_word' id='word_1_291' title='bbox 2800 3824 2872 3887; x_wconf 78' lang='grc' dir='ltr'><strong>δὲ</strong></span> <span class='ocrx_word' id='word_1_292' title='bbox 2918 3821 3038 3902; x_wconf 85' lang='grc' dir='ltr'><strong>οὐχ</strong></span> <span class='ocrx_word' id='word_1_293' title='bbox 3101 3821 3201 3902; x_wconf 82' lang='grc' dir='ltr'><strong>οἷς</strong></span> <span class='ocrx_word' id='word_1_294' title='bbox 3259 3823 3438 3890; x_wconf 82' lang='grc' dir='ltr'>ἔνευε</span> <span class='ocrx_word' id='word_1_295' title='bbox 3485 3845 3683 3906; x_wconf 85' lang='grc' dir='ltr'>προς-</span> 
     </span>
     <span class='ocr_line' id='line_1_33' title="bbox 706 3928 3687 4016; baseline 0 -18"><span class='ocrx_word' id='word_1_296' title='bbox 706 3931 1101 4016; x_wconf 60' lang='grc' dir='ltr'>ῃζωαγρίους</span> <span class='ocrx_word' id='word_1_297' title='bbox 1149 3951 1256 4010; x_wconf 92' lang='grc' dir='ltr'><strong>μοι</strong></span> <span class='ocrx_word' id='word_1_298' title='bbox 1302 3931 1606 4011; x_wconf 87' lang='grc' dir='ltr'>χάριτας“</span> <span class='ocrx_word' id='word_1_299' title='bbox 1658 3930 1838 3996; x_wconf 82' lang='grc' dir='ltr'>εἶπεν</span> <span class='ocrx_word' id='word_1_300' title='bbox 1890 3928 2311 4011; x_wconf 77' lang='grc' dir='ltr'>,,ὀφλήσεις“.</span> <span class='ocrx_word' id='word_1_301' title='bbox 2615 3931 3182 4009; x_wconf 90' lang='grc' dir='ltr'>προσεσχηκότων,</span> <span class='ocrx_word' id='word_1_302' title='bbox 3220 3929 3363 3995; x_wconf 85' lang='grc' dir='ltr'>ἀλλ’</span> <span class='ocrx_word' id='word_1_303' title='bbox 3386 3931 3486 4010; x_wconf 89' lang='grc' dir='ltr'><strong>οἷς</strong></span> <span class='ocrx_word' id='word_1_304' title='bbox 3506 3932 3687 4010; x_wconf 84' lang='grc' dir='ltr'>ἔλεγε</span> 
     </span>
     <span class='ocr_line' id='line_1_34' title="bbox 702 4036 3685 4121; baseline 0 -18"><span class='ocrx_word' id='word_1_305' title='bbox 702 4041 885 4121; x_wconf 85' lang='grc' dir='ltr'>,,πῶς</span> <span class='ocrx_word' id='word_1_306' title='bbox 952 4037 1071 4103; x_wconf 86' lang='grc' dir='ltr'>οὐκ</span> <span class='ocrx_word' id='word_1_307' title='bbox 1125 4037 1251 4103; x_wconf 83' lang='grc' dir='ltr'>ἄν“</span> <span class='ocrx_word' id='word_1_308' title='bbox 1308 4037 1487 4103; x_wconf 86' lang='grc' dir='ltr'>εἶπεν</span> <span class='ocrx_word' id='word_1_309' title='bbox 1543 4038 1636 4103; x_wconf 84' lang='grc' dir='ltr'>ὧν</span> <span class='ocrx_word' id='word_1_310' title='bbox 1701 4059 1773 4115; x_wconf 88' lang='grc' dir='ltr'>γε</span> <span class='ocrx_word' id='word_1_311' title='bbox 1829 4039 2070 4118; x_wconf 90' lang='grc' dir='ltr'>μάρτυς</span> <span class='ocrx_word' id='word_1_312' title='bbox 2130 4038 2472 4119; x_wconf 81' lang='grc' dir='ltr'>εἱστήκειν;</span> <span class='ocrx_word' id='word_1_313' title='bbox 2609 4036 3103 4102; x_wconf 88' lang='grc' dir='ltr'>πιστευσάντων</span> <span class='ocrx_word' id='word_1_314' title='bbox 3152 4038 3601 4117; x_wconf 85' lang='grc' dir='ltr'>ὑπεχώρησαν.</span> <span class='ocrx_word' id='word_1_315' title='bbox 3646 4040 3685 4118; x_wconf 92' lang='grc' dir='ltr'>ἡ</span> 
     </span>
     <span class='ocr_line' id='line_1_35' title="bbox 698 4142 3687 4230; baseline 0 -20"><span class='ocrx_word' id='word_1_316' title='bbox 698 4145 954 4224; x_wconf 81' lang='grc' dir='ltr'>ἔρρωσο</span> <span class='ocrx_word' id='word_1_317' title='bbox 999 4145 1241 4228; x_wconf 88' lang='grc' dir='ltr'>τοίνυν,</span> <span class='ocrx_word' id='word_1_318' title='bbox 1289 4145 1392 4210; x_wconf 85' lang='grc' dir='ltr'>καὶ</span> <span class='ocrx_word' id='word_1_319' title='bbox 1437 4146 1553 4211; x_wconf 92' lang='grc' dir='ltr'><strong>τὸν</strong></span> <span class='ocrx_word' id='word_1_320' title='bbox 1598 4144 1839 4224; x_wconf 92' lang='grc' dir='ltr'>Ὅρκον</span> <span class='ocrx_word' id='word_1_321' title='bbox 1885 4146 1961 4210; x_wconf 87' lang='grc' dir='ltr'><strong>οὐ</strong></span> <span class='ocrx_word' id='word_1_322' title='bbox 2011 4145 2213 4230; x_wconf 86' lang='grc' dir='ltr'>φεύξῃ</span> <span class='ocrx_word' id='word_1_323' title='bbox 2624 4142 2888 4221; x_wconf 90' lang='grc' dir='ltr'>ἀλώπηξ</span> <span class='ocrx_word' id='word_1_324' title='bbox 2920 4143 3152 4209; x_wconf 83' lang='grc' dir='ltr'>ἰδοῦσα</span> <span class='ocrx_word' id='word_1_325' title='bbox 3197 4142 3687 4224; x_wconf 88' lang='grc' dir='ltr'>ἀπαλλαγέντας</span> 
     </span>
     <span class='ocr_line' id='line_1_36' title="bbox 700 4248 3688 4338; baseline 0 -22"><span class='ocrx_word' id='word_1_326' title='bbox 700 4260 890 4338; x_wconf 83' lang='grc' dir='ltr'>φωνῇ</span> <span class='ocrx_word' id='word_1_327' title='bbox 939 4273 1015 4332; x_wconf 90' lang='grc' dir='ltr'>με</span> <span class='ocrx_word' id='word_1_328' title='bbox 1061 4255 1309 4337; x_wconf 77' lang='grc' dir='ltr'>σώσας,</span> <span class='ocrx_word' id='word_1_329' title='bbox 1359 4252 1650 4338; x_wconf 84' lang='grc' dir='ltr'>δακτύλῳ</span> <span class='ocrx_word' id='word_1_330' title='bbox 1699 4254 1755 4317; x_wconf 92' lang='grc' dir='ltr'><strong>δ’</strong></span> <span class='ocrx_word' id='word_1_331' title='bbox 1804 4251 2253 4331; x_wconf 50' lang='grc' dir='ltr'>ἀποκτείναςίί.</span> <span class='ocrx_word' id='word_1_332' title='bbox 2620 4250 2972 4316; x_wconf 82' lang='grc' dir='ltr'>ἐξελθοῦσα</span> <span class='ocrx_word' id='word_1_333' title='bbox 3018 4248 3488 4330; x_wconf 89' lang='grc' dir='ltr'>ἀπροσφωνητὶ</span> <span class='ocrx_word' id='word_1_334' title='bbox 3542 4252 3688 4317; x_wconf 89' lang='grc' dir='ltr'>ἐπο-</span> 
     </span>
    </p>
   </div>
   <div class='ocr_carea' id='block_1_7' title="bbox 2622 4355 3687 4545">
    <p class='ocr_par' dir='ltr' id='par_1_9' title="bbox 2622 4355 3687 4545">
     <span class='ocr_line' id='line_1_37' title="bbox 2624 4355 3687 4438; baseline 0.003 -17"><span class='ocrx_word' id='word_1_335' title='bbox 2624 4355 2848 4437; x_wconf 89' lang='grc' dir='ltr'>ρεύετο</span> <span class='ocrx_word' id='word_1_336' title='bbox 2872 4375 2885 4390; x_wconf 91' lang='grc'><em>·</em></span> <span class='ocrx_word' id='word_1_337' title='bbox 2935 4358 3344 4436; x_wconf 89' lang='grc' dir='ltr'>μεμφομένου</span> <span class='ocrx_word' id='word_1_338' title='bbox 3394 4358 3452 4422; x_wconf 84' lang='grc' dir='ltr'><strong>δ’</strong></span> <span class='ocrx_word' id='word_1_339' title='bbox 3486 4358 3687 4438; x_wconf 84' lang='grc' dir='ltr'>αὐτὴν</span> 
     </span>
     <span class='ocr_line' id='line_1_38' title="bbox 2622 4463 3687 4545; baseline 0.003 -18"><span class='ocrx_word' id='word_1_340' title='bbox 2622 4463 2965 4545; x_wconf 88' lang='grc' dir='ltr'>δρυτόμου,</span> <span class='ocrx_word' id='word_1_341' title='bbox 3007 4463 3108 4528; x_wconf 87' lang='grc' dir='ltr'>ὅτι</span> <span class='ocrx_word' id='word_1_342' title='bbox 3152 4468 3546 4530; x_wconf 87' lang='grc' dir='ltr'>διασωθεῖσα</span> <span class='ocrx_word' id='word_1_343' title='bbox 3580 4465 3687 4530; x_wconf 85' lang='grc' dir='ltr'>ὑπ’</span> 
     </span>
    </p>
   </div>
   <div class='ocr_carea' id='block_1_8' title="bbox 2623 4569 3691 4652">
    <p class='ocr_par' dir='ltr' id='par_1_10' title="bbox 2623 4569 3691 4652">
     <span class='ocr_line' id='line_1_39' title="bbox 2623 4569 3691 4652; baseline 0.004 -19"><span class='ocrx_word' id='word_1_344' title='bbox 2623 4569 2823 4634; x_wconf 83' lang='grc' dir='ltr'>αὐτοῦ</span> <span class='ocrx_word' id='word_1_345' title='bbox 2870 4569 3025 4636; x_wconf 74' lang='grc' dir='ltr'>οὐδὲ</span> <span class='ocrx_word' id='word_1_346' title='bbox 3070 4577 3300 4652; x_wconf 79' lang='grc' dir='ltr'>φωνῆς</span> <span class='ocrx_word' id='word_1_347' title='bbox 3346 4572 3546 4638; x_wconf 86' lang='grc' dir='ltr'>αὐτὸν</span> <span class='ocrx_word' id='word_1_348' title='bbox 3569 4573 3691 4652; x_wconf 83' lang='grc' dir='ltr'>ἠξί-</span> 
     </span>
    </p>
   </div>
   <div class='ocr_carea' id='block_1_9' title="bbox 2624 4677 3689 4761">
    <p class='ocr_par' dir='ltr' id='par_1_11' title="bbox 2624 4677 3689 4761">
     <span class='ocr_line' id='line_1_40' title="bbox 2624 4677 3689 4761; baseline 0.003 -19"><span class='ocrx_word' id='word_1_349' title='bbox 2624 4693 2819 4761; x_wconf 91' lang='grc' dir='ltr'>ωσεν,</span> <span class='ocrx_word' id='word_1_350' title='bbox 2877 4678 3035 4758; x_wconf 83' lang='grc' dir='ltr'>ἔφη·</span> <span class='ocrx_word' id='word_1_351' title='bbox 3086 4677 3226 4744; x_wconf 85' lang='grc' dir='ltr'>ἀλλ’</span> <span class='ocrx_word' id='word_1_352' title='bbox 3305 4680 3433 4758; x_wconf 82' lang='grc' dir='ltr'><strong>ἐγὼ</strong></span> <span class='ocrx_word' id='word_1_353' title='bbox 3496 4680 3689 4760; x_wconf 87' lang='grc' dir='ltr'>ηὐχα-</span> 
     </span>
    </p>
   </div>
   <div class='ocr_carea' id='block_1_10' title="bbox 705 4817 1130 4825">
    <p class='ocr_par' dir='ltr' id='par_1_12' title="bbox 705 4817 1130 4825">
     <span class='ocr_line' id='line_1_41' title="bbox 705 4817 1130 4825; baseline 0 0"><span class='ocrx_word' id='word_1_354' title='bbox 705 4817 1130 4825; x_wconf 95' lang='lat' dir='ltr'><strong> </strong></span> 
     </span>
    </p>
   </div>
   <div class='ocr_carea' id='block_1_11' title="bbox 706 4890 3691 5324">
    <p class='ocr_par' dir='ltr' id='par_1_13' title="bbox 706 4890 3691 5324">
     <span class='ocr_line' id='line_1_42' title="bbox 925 4890 3688 4962; baseline -0.001 -14"><span class='ocrx_word' id='word_1_355' title='bbox 925 4895 977 4959; x_wconf 92' lang='grc'><strong>1)</strong></span> <span class='ocrx_word' id='word_1_356' title='bbox 1016 4893 1094 4949; x_wconf 82' lang='lat' dir='ltr'><strong>Cf</strong></span> <span class='ocrx_word' id='word_1_357' title='bbox 1127 4893 1470 4962; x_wconf 83' lang='lat' dir='ltr'><strong>Maassium‚</strong></span> <span class='ocrx_word' id='word_1_358' title='bbox 1508 4893 1622 4949; x_wconf 92' lang='lat' dir='ltr'><strong>Die</strong></span> <span class='ocrx_word' id='word_1_359' title='bbox 1662 4892 1961 4948; x_wconf 86' lang='lat' dir='ltr'><strong>Griechen</strong></span> <span class='ocrx_word' id='word_1_360' title='bbox 2000 4894 2063 4946; x_wconf 90' lang='lat' dir='ltr'><strong>in</strong></span> <span class='ocrx_word' id='word_1_361' title='bbox 2102 4892 2457 4962; x_wconf 86' lang='lat' dir='ltr'><strong>Siidgallien</strong></span> <span class='ocrx_word' id='word_1_362' title='bbox 2496 4891 2778 4957; x_wconf 86' lang='lat' dir='ltr'><strong>(Jahresh</strong></span> <span class='ocrx_word' id='word_1_363' title='bbox 2823 4890 2928 4947; x_wconf 87' lang='lat' dir='ltr'><strong>des</strong></span> <span class='ocrx_word' id='word_1_364' title='bbox 2972 4890 3214 4947; x_wconf 85' lang='lat' dir='ltr'><strong>Oesterr</strong></span> <span class='ocrx_word' id='word_1_365' title='bbox 3258 4890 3391 4946; x_wconf 91' lang='lat' dir='ltr'><strong>Inst</strong></span> <span class='ocrx_word' id='word_1_366' title='bbox 3415 4891 3500 4946; x_wconf 92' lang='lat' dir='ltr'><strong>IX</strong></span> <span class='ocrx_word' id='word_1_367' title='bbox 3530 4891 3688 4959; x_wconf 83' lang='lat'>1906)</span> 
     </span>
     <span class='ocr_line' id='line_1_43' title="bbox 707 4984 3691 5141; baseline -0.002 -11"><span class='ocrx_word' id='word_1_368' title='bbox 707 5001 833 5055; x_wconf 66' lang='lat' dir='ltr'><strong>pag</strong></span> <span class='ocrx_word' id='word_1_369' title='bbox 872 4984 992 5139; x_wconf 45' lang='grc'><strong>1627).</strong></span> <span class='ocrx_word' id='word_1_370' title='bbox 1018 5072 1436 5130; x_wconf 86' lang='lat' dir='ltr'><strong>Universalem</strong></span> <span class='ocrx_word' id='word_1_371' title='bbox 1474 5073 1734 5128; x_wconf 85' lang='lat' dir='ltr'><strong>fabellae</strong></span> <span class='ocrx_word' id='word_1_372' title='bbox 1772 5073 2082 5127; x_wconf 88' lang='lat' dir='ltr'><strong>historiam</strong></span> <span class='ocrx_word' id='word_1_373' title='bbox 2133 5072 2388 5141; x_wconf 86' lang='lat' dir='ltr'><strong>praebet</strong></span> <span class='ocrx_word' id='word_1_374' title='bbox 2437 5070 2746 5125; x_wconf 87' lang='lat' dir='ltr'><strong>Krohnius</strong></span> <span class='ocrx_word' id='word_1_375' title='bbox 2783 5071 2845 5124; x_wconf 92' lang='lat' dir='ltr'><strong>in</strong></span> <span class='ocrx_word' id='word_1_376' title='bbox 2884 5069 3506 5126; x_wconf 74' lang='lat' dir='ltr'><strong>commentationibus</strong></span> <span class='ocrx_word' id='word_1_377' title='bbox 3561 5071 3691 5124; x_wconf 87' lang='lat' dir='ltr'><strong>uni·</strong></span> 
     </span>
     <span class='ocr_line' id='line_1_44' title="bbox 706 5158 3689 5233; baseline -0.002 -15"><span class='ocrx_word' id='word_1_378' title='bbox 706 5165 959 5219; x_wconf 87' lang='lat' dir='ltr'><strong>versitat</strong></span> <span class='ocrx_word' id='word_1_379' title='bbox 996 5162 1277 5233; x_wconf 85' lang='lat' dir='ltr'><strong>Helsingf</strong></span> <span class='ocrx_word' id='word_1_380' title='bbox 1300 5163 1404 5231; x_wconf 94' lang='lat' dir='ltr'><strong>III,</strong></span> <span class='ocrx_word' id='word_1_381' title='bbox 1435 5162 1512 5217; x_wconf 91' lang='lat' dir='ltr'><strong>IV</strong></span> <span class='ocrx_word' id='word_1_382' title='bbox 1533 5163 1745 5231; x_wconf 79' lang='lat'>(1891):</span> <span class='ocrx_word' id='word_1_383' title='bbox 1784 5162 1943 5216; x_wconf 90' lang='lat' dir='ltr'><strong>Baer</strong></span> <span class='ocrx_word' id='word_1_384' title='bbox 1969 5161 2173 5226; x_wconf 73' lang='lat' dir='ltr'><strong>(Wolo</strong></span> <span class='ocrx_word' id='word_1_385' title='bbox 2200 5161 2382 5214; x_wconf 85' lang='lat' dir='ltr'><strong>Manu</strong></span> <span class='ocrx_word' id='word_1_386' title='bbox 2410 5158 2537 5214; x_wconf 87' lang='lat' dir='ltr'><strong>und</strong></span> <span class='ocrx_word' id='word_1_387' title='bbox 2562 5159 2760 5214; x_wconf 86' lang='lat' dir='ltr'><strong>Fuchs</strong></span> <span class='ocrx_word' id='word_1_388' title='bbox 2777 5211 2780 5214; x_wconf 87' lang='grc'><strong>,</strong></span> <span class='ocrx_word' id='word_1_389' title='bbox 2799 5162 2990 5230; x_wconf 83' lang='lat' dir='ltr'><strong>(pagg</strong></span> <span class='ocrx_word' id='word_1_390' title='bbox 3013 5159 3074 5213; x_wconf 93' lang='lat'><strong>11</strong></span> <span class='ocrx_word' id='word_1_391' title='bbox 3099 5162 3251 5228; x_wconf 90' lang='lat' dir='ltr'><strong>sqq),</strong></span> <span class='ocrx_word' id='word_1_392' title='bbox 3289 5175 3426 5213; x_wconf 90' lang='lat' dir='ltr'><strong>cum</strong></span> <span class='ocrx_word' id='word_1_393' title='bbox 3464 5173 3689 5226; x_wconf 82' lang='lat' dir='ltr'><strong>omneS,</strong></span> 
     </span>
     <span class='ocr_line' id='line_1_45' title="bbox 710 5249 3520 5324; baseline -0.001 -17"><span class='ocrx_word' id='word_1_394' title='bbox 710 5268 869 5324; x_wconf 87' lang='lat' dir='ltr'><strong>quae</strong></span> <span class='ocrx_word' id='word_1_395' title='bbox 910 5253 1153 5307; x_wconf 87' lang='lat' dir='ltr'><strong>omnino</strong></span> <span class='ocrx_word' id='word_1_396' title='bbox 1193 5254 1505 5323; x_wconf 84' lang='lat' dir='ltr'><strong>exsistunt,</strong></span> <span class='ocrx_word' id='word_1_397' title='bbox 1542 5252 1911 5307; x_wconf 86' lang='lat' dir='ltr'><strong>variationes</strong></span> <span class='ocrx_word' id='word_1_398' title='bbox 1951 5253 2099 5305; x_wconf 89' lang='lat' dir='ltr'><strong>mira</strong></span> <span class='ocrx_word' id='word_1_399' title='bbox 2139 5265 2275 5304; x_wconf 88' lang='lat' dir='ltr'><strong>cum</strong></span> <span class='ocrx_word' id='word_1_400' title='bbox 2315 5249 2628 5319; x_wconf 87' lang='lat' dir='ltr'><strong>diligentia</strong></span> <span class='ocrx_word' id='word_1_401' title='bbox 2667 5250 2729 5302; x_wconf 89' lang='lat' dir='ltr'><strong>in</strong></span> <span class='ocrx_word' id='word_1_402' title='bbox 2769 5251 3283 5319; x_wconf 87' lang='lat' dir='ltr'><strong>comparationem</strong></span> <span class='ocrx_word' id='word_1_403' title='bbox 3324 5250 3520 5304; x_wconf 87' lang='lat' dir='ltr'><strong>vocat.</strong></span> 
     </span>
    </p>
   </div>
  </div>
 </body>
</html>
