4234 6017
1903 466 1971 479 ...
2041 397 2253 494 26...

588 619 884 706 ipsam1).
977 619 1081 685 hic
1131 617 1401 684 medicis
1446 619 1744 683 irascitur
1789 637 1916 682 non
1963 618 2045 683 ob
2093 616 2183 699 id,
2251 616 2402 700 quia
2449 637 2664 681 eorum
2711 622 2849 681 arte
2899 615 3076 681 multi
3122 624 3397 681 amorte
3443 637 3570 683 ser-

589 733 817 793 ventur
848 734 919 792 ut
950 726 1014 791 in
1051 726 1307 808 Babri0,
1357 723 1472 790 sed
1511 761 1591 771 --
1625 724 1778 806 quia
1824 723 2241 807 neglegentia
2287 742 2502 788 eorum
2549 722 2734 788 multi
2781 720 3153 788 moriantur.
3224 743 3351 787 non
3392 743 3570 807 erg0,

591 833 761 917 quod
809 828 1000 899 valde
1032 831 1402 898 mirandum
1453 838 1571 914 est,
1630 829 2175 897 Ps·Dositheanus
2209 828 2415 896 Orcus
2461 828 2782 894 homiuum
2831 830 3029 895 vitam
3075 828 3268 895 avide
3300 831 3573 915 appetit,

591 948 660 1006 ut
708 941 889 1024 solet,
938 939 1052 1006 sed
1101 940 1427 1006 misericos
1475 936 1603 1006 est.
1687 941 1890 1024 primo
1938 939 2164 1004 obtutu
2214 938 2491 1004 fortasse
2537 937 2643 1004 hic
2689 936 2935 1021 aliquid
2983 937 3175 1023 plane
3221 958 3463 1003 novum.
3490 937 3574 1004 de

592 1048 730 1114 eius
775 1048 1054 1112 moribus
1100 1068 1140 1112 a
1186 1048 1494 1131 magistro
1560 1047 1784 1112 afferri
1832 1046 2113 1111 conicias
2127 1046 2201 1125 2).
2294 1044 2460 1110 hanc
2505 1043 2719 1110 tamen
2766 1065 2891 1109 non
2958 1044 3082 1111 nisi
3147 1045 3572 1129 corruptelam

592 1174 733 1219 esse
777 1155 1083 1239 puerilem
1134 1155 1413 1221 fabellae
1463 1155 1674 1220 exitus
1721 1160 1786 1219 et
1830 1155 1968 1237 ipse
2010 1158 2298 1219 testatur.
2394 1172 2668 1234 quonam
2715 1151 2904 1218 modo
2952 1152 3239 1236 magistri
3287 1151 3574 1217 medicus
3693 1235 3706 1241 ,

591 1283 632 1327 a
701 1261 934 1327 ceteris
1000 1261 1246 1345 differt,
1331 1263 1385 1327 si
1445 1262 1638 1328 etiam
1704 1260 1927 1326 horum
1992 1258 2249 1325 inscitia
2334 1260 2516 1324 multi
2603 1258 2684 1324 de
2761 1260 2897 1325 vita
2974 1258 3354 1325 decedunt?
3447 1278 3572 1342 quo

591 1368 727 1434 iure
784 1367 1090 1453 deinceps
1135 1374 1437 1452 aegrotus
1485 1366 1658 1452 apud
1706 1366 1939 1434 Orcum
1990 1365 2207 1431 dicere
2270 1372 2483 1450 potest
2548 1365 2716 1430 hunc
2782 1383 3007 1432 revera
3069 1365 3386 1432 medicum
3444 1386 3571 1431 non

591 1494 753 1557 esse,
820 1476 1119 1557 quoniam
1185 1495 1403 1541 omnes
1470 1475 1662 1560 plane
1729 1475 1968 1540 inertes
2036 1472 2401 1538 iudicantur
2426 1473 2459 1538 ⁴?
2551 1472 2859 1555 magister
2919 1466 3073 1557 ergo
3135 1473 3391 1539 omnino
3445 1493 3571 1539 non

592 1581 910 1646 intellexit
977 1582 1256 1647 fabellae
1323 1602 1651 1663 summam,
1721 1600 1885 1664 quae
1932 1580 2073 1664 ipsa
2123 1580 2515 1661 differentia,
2583 1599 2749 1662 quae
2797 1581 2964 1645 inter
3010 1580 3178 1646 hunc
3226 1580 3461 1645 malum
3510 1587 3575 1645 et

592 1689 758 1753 inter
805 1694 1050 1754 ceteros
1098 1688 1381 1754 medicos
1441 1687 1728 1753 artifices
1799 1685 2163 1768 intercedit,
2232 1687 2610 1752 continetur.
2703 1706 2805 1752 res
2864 1706 3018 1770 ergo
3079 1687 3171 1752 ita
3227 1706 3296 1752 se
3343 1685 3572 1752 habet:

593 1795 910 1878 integram
967 1795 1246 1861 fabellae
1297 1795 1734 1860 variationem
1773 1794 2056 1859 servavit
2102 1792 2397 1875 Babrius,
2459 1793 2754 1858 vitiosam
2826 1800 3040 1858 autem
3089 1792 3570 1859 Ps·Dositheus.

594 1922 801 1984 neque
850 1909 1063 1967 tamen
1106 1922 1250 1967 mea
1298 1901 1555 1984 quidem
1603 1902 1926 1966 sententia
1975 1902 2058 1966 ob
2103 1899 2171 1964 id
2206 1900 2533 1982 habemus,
2584 1899 2754 1982 quod
2810 1920 2952 1965 eum
2987 1900 3326 1965 Babrianis
3374 1900 3576 1985 copiis

593 2010 965 2090 inseramus,
1030 2008 1407 2093 praesertim
1475 2028 1617 2073 cum
1665 2008 1903 2073 frustra
1958 2007 2248 2089 requiras
2295 2006 2629 2072 verborum
2692 2006 3139 2073 similitudines
3200 2006 3449 2074 scilicet
3495 2008 3574 2073 iis

594 2116 905 2201 exceptis,
955 2134 1119 2199 quae
1167 2114 1506 2181 manifesto
1555 2135 1591 2180 e
1638 2115 1917 2180 fabellae
1963 2121 2343 2197 argumento
2391 2113 2531 2198 ipso
2580 2114 2891 2198 originem
2941 2103 3204 2180 ducunt.

1845 2515 2307 2598 Ps·Dosfiffl)

810 2690 997 2758 (Book
1036 2689 1096 2758 ὃς
1133 2689 1339 2744 Bouch
1376 2705 1543 2760 pagg
1578 2686 1685 2745 513
1704 2705 1799 2759 sq3
1838 2687 1991 2745 Gor-z
2027 2688 2084 2742 H
2123 2689 2173 2743 L
2211 2704 2335 2759 pag
2370 2688 2458 2757 42,
2495 2688 2620 2758 Frg
2656 2688 2704 2742 P
2743 2704 2870 2759 pag
2905 2689 2998 2757 98)

812 2820 921 2885 De
969 2824 1184 2886 catto
1232 2839 1422 2886 aves
1466 2818 1562 2885 ad
1611 2839 1882 2886 cenam
1929 2798 2297 2887 vocante:

813 2953 962 3008 Rom
1004 2952 1195 3019 (Burn
1230 2951 1312 3007 IV
1337 2952 1418 3021 11,
1456 2952 1598 3007 Flor
1635 2951 1831 3021 11131,
1870 2951 2110 3007 Vindob
2151 2952 2242 3021 79)
2266 2951 2599 3007 :Pe-Dos.

813 3084 935 3149 Hic
1004 3085 1313 3172 apologus
1391 3083 1729 3167 plurimum
1807 3083 1966 3148 facit
2041 3082 2128 3147 ad
2193 3081 2610 3148 Ps·Dosithei
2676 3089 2741 3148 et
2802 3082 3056 3148 Romuli
3127 3084 3578 3148 necessitatem

598 3190 1182 3258 demonstrandam.
1277 3191 1607 3256 substituit
1655 3191 1818 3255 enim
1869 3190 2177 3256 Romulus
2211 3227 2296 3235 —
2329 3188 2467 3255 sola
2512 3188 2675 3255 haec
2723 3191 2889 3255 inter
2936 3191 3158 3271 ambos
3206 3189 3581 3255 differentia

599 3296 942 3364 intercedit
989 3334 1075 3344 —
1124 3317 1237 3383 pro
1286 3298 1578 3384 magistri
1627 3303 1801 3364 catto
1835 3296 2012 3363 corvi
2043 3317 2403 3382 personam.
2470 3316 2597 3379 qua
2628 3296 2693 3361 in
2725 3296 3085 3362 variatione
3114 3297 3320 3383 primo
3354 3298 3580 3363 obtutu

598 3406 709 3472 vix
758 3403 1077 3470 offendas.
1170 3424 1319 3468 nam
1367 3423 1594 3469 corvus
1642 3423 1894 3497 quoque
1937 3405 2102 3468 inter
2150 3422 2419 3488 rapaces
2465 3404 2640 3470 feras
2687 3402 3021 3470 habendus
3069 3411 3185 3487 est,
3244 3425 3387 3470 cum
3437 3425 3580 3470 eum

598 3533 719 3578 nec
768 3501 1291 3596 quadrupedibus
1338 3530 1537 3594 usque
1584 3509 1668 3575 ad
1716 3511 2003 3595 leporum
2049 3530 2171 3575 nec
2219 3509 2584 3575 volucribus
2631 3530 2832 3592 usque
2879 3509 2964 3575 ad
3032 3516 3387 3576 tetraonem
3433 3531 3580 3595 par-

600 3640 745 3686 cere
778 3621 936 3685 satis
991 3624 1206 3685 notum
1257 3619 1340 3684 sit
1355 3620 1430 3698 ³).
1500 3623 1784 3683 attamen
1830 3616 1985 3682 mihi
2034 3623 2247 3683 cattus
2293 3617 2754 3701 praeferendus
2801 3637 2941 3683 esse
2973 3616 3248 3683 videtur.
3319 3617 3581 3701 apologi

546 3709 553 3714 ⁵
600 3727 767 3793 enim
815 3731 1189 3810 argumento
1234 3727 1374 3810 ipso
1432 3724 1810 3810 postulatur,
1877 3730 1946 3789 ut
2006 3745 2084 3790 ea
2131 3724 2291 3806 fera,
2363 3743 2527 3807 quae
2586 3723 2861 3807 gallinas
2926 3723 3010 3789 ad
3076 3743 3302 3789 cenam
3370 3731 3581 3808 vocat,

597 3855 725 3899 non
770 3827 892 3898 ni'si
939 3831 1209 3898 subdola
1260 3833 1506 3897 ratione
1552 3833 1631 3897 iis
1677 3830 1870 3916 potiri
1918 3832 2139 3915 possit.
2234 3829 2406 3914 quod
2453 3831 2660 3914 magis
2707 3837 2880 3896 catto
2941 3851 3129 3914 quam
3180 3851 3372 3897 corvo
3439 3853 3584 3897 con-

602 3941 819 4006 venire
885 3946 1174 4028 apparet.
1266 3960 1413 4004 nam
1477 3944 1687 4005 cattus
1746 3945 1815 4004 ut
1880 3938 2247 4023 quadrupes
2311 3958 2464 4005 aves
2531 3939 2821 4021 quamvis
2880 3939 3047 4005 male
3112 3941 3405 4026 volantes
3468 3961 3586 4026 per

601 4047 867 4113 insidias
934 4037 1154 4113 venari
1216 4045 1429 4111 debet.
1513 4067 1703 4111 corvo
1770 4053 1982 4111 autem
2029 4046 2182 4112 illae
2229 4045 2558 4112 volitando
2608 4047 2903 4129 effugere
2948 4066 3076 4111 non
3123 4053 3410 4131 possunt.
3477 4047 3585 4114 hic

605 4155 859 4238 quidem
924 4173 1080 4237 ergo
1146 4154 1516 4238 magistrum
1586 4152 2123 4238 deprehendimus
2188 4155 2621 4219 recensionem
2678 4152 2948 4218 Romulo
3015 4159 3080 4219 et
3132 4154 3459 4220 meliorem
3520 4162 3585 4220 et

603 4261 1015 4327 vetustiorem
1079 4268 1461 4327 servantem.
1555 4260 1874 4326 contraria
1935 4266 2149 4326 autem
2209 4261 2372 4326 ratio
2436 4259 2779 4326 statuenda
2844 4267 2981 4326 erat
3038 4261 3102 4324 in
3159 4262 3433 4346 apologo
3500 4261 3582 4325 de

603 4369 795 4453 vulpe
841 4373 906 4433 et
952 4367 1155 4434 leone.
1251 4366 1406 4452 quid
1453 4373 1666 4433 autem
1715 4367 1814 4431 his
1860 4365 2220 4433 evidentius
2263 4387 2384 4432 nec
2429 4387 2556 4432 non
2599 4368 2860 4451 gravius
2892 4367 2974 4433 de
3008 4368 3321 4435 communi
3366 4386 3579 4432 eorum

602 4477 780 4542 fonte
828 4474 1055 4541 testari
1102 4475 1361 4561 potest?

817 4745 872 4814 1)
908 4743 1085 4810 Quod
1121 4745 1243 4798 iam
1300 4744 1527 4799 monuit
1587 4741 1822 4811 Waser,
1878 4742 2137 4812 Charon,
2174 4740 2439 4813 Charun,
2476 4742 2705 4800 Charos
2751 4742 2949 4808 (Berol
2989 4742 3149 4811 1898)
3187 4757 3359 4812 pagg
3394 4741 3588 4812 918q3

603 4834 669 4889 cf
702 4834 883 4888 etiam
920 4832 1292 4888 Roscherum
1330 4834 1392 4887 in
1430 4833 1627 4888 lexico
1664 4832 1893 4902 mythol
1930 4849 1958 4888 s
1997 4850 2036 4887 v
2074 4830 2334 4889 Charon.
2448 4887 2455 4894 ,

822 4937 876 5001 2)
916 4936 1149 4992 Monuit
1202 4953 1299 4991 me
1336 4936 1632 4991 Maassius
1685 4936 2144 4991 Ps·Dositheum
2199 4937 2296 4990 hic
2351 4938 2608 4992 fortasse
2646 4951 2680 4991 e
2718 4936 3018 4991 sententia
3075 4936 3243 5006 apud
3303 4937 3587 5005 antiquos

603 5028 724 5082 late
761 5026 1128 5098 pervulgata
1166 5029 1503 5097 profectum
1543 5041 1691 5093 esse,
1728 5026 1894 5095 quod
1930 5028 1988 5092 ii,
2029 5027 2134 5095 qui
2172 5028 2347 5094 ἄωροι
2383 5028 2403 5080 i
2442 5041 2475 5081 e
2514 5031 2656 5080 ante
2695 5026 3026 5096 legitimam
3065 5029 3328 5081 aetatem
3367 5025 3588 5080 mortui

605 5123 820 5186 essent,
870 5117 1022 5172 Orco
1061 5116 1462 5187 displicerent.
1520 5118 1602 5182 (cf
1625 5117 1952 5171 Maassium
1988 5117 2052 5169 in
2079 5115 2317 5185 Orpheo
2357 5131 2528 5185 pagg
2551 5115 2672 5182 264,
2711 5116 2834 5183 266,
2870 5115 2979 5168 310
3015 5114 3168 5183 sqq).

816 5220 872 5287 3)
911 5220 1174 5275 Brehmii
1217 5219 1598 5290 „Tierlebcn“
1641 5220 1698 5273 ΙΙ
1737 5219 1837 5284 (ed
1877 5218 2020 5280 min)
2061 5234 2233 5288 pagg
2272 5218 2374 5272 194
2395 5233 2483 5287 sq.
