4234 6017
1965 421 2178 483 ——34
2252 455 2338 508 -χ

860 603 1095 676 Rothio
1166 629 1320 693 ergo
1392 606 1685 693 contigit,
1758 615 1826 673 ut
1870 608 2211 674 Romulum
2282 607 2448 673 hanc
2519 603 2776 691 quidem
2847 606 3076 673 seriem
3125 630 3161 675 e
3209 605 3636 677 Ps·Dositheo

655 717 1085 802 desumpsisse
1134 723 1307 781 certo
1356 714 1839 781 demonstraret.
1935 736 2053 780 nos
2099 720 2312 780 autem
2360 713 2657 779 addimus
2704 714 3042 779 Romulum
3113 717 3278 781 inter
3347 719 3634 801 magistri

653 826 1188 890 Hermeneumata
1236 823 1584 888 Leidensia
1644 828 1709 888 et
1756 823 2212 905 Fragmentum
2261 821 2618 886 Parisinum
2666 828 2860 904 stare,
2931 829 3145 887 tamen
3192 825 3304 906 ita,
3377 830 3444 889 ut
3493 845 3635 890 cum

650 932 777 997 illis
832 932 1023 1016 paulo
1095 932 1292 998 artius
1341 930 1706 996 cohaereat.
1800 930 1915 995 sed
1984 930 2277 995 attende:
2370 929 2616 995 invenit
2671 950 2823 1013 ergo
2871 929 3179 997 Romulus
3228 932 3635 998 Ps·Dosithei

653 1037 1032 1105 fabellarum
1085 1036 1520 1102 collectionem
1591 1057 1733 1101 cum
1783 1036 2016 1108 ceteris
2067 1037 2653 1120 interpretamentis
2701 1037 2875 1101 velut
2923 1057 3065 1102 cum
3111 1039 3355 1123 Hygini
3403 1058 3633 1122 genea-

652 1145 826 1227 logia
891 1146 1017 1210 iam
1085 1145 1509 1209 coniunctam.
1602 1142 1716 1209 sed
1794 1163 1935 1209 cum
1994 1143 2300 1207 Romulus
2365 1149 2429 1208 et
2493 1144 2641 1228 ipse·
2677 1144 2843 1208 inter
2877 1144 2988 1208 IV.
3038 1152 3101 1209 et
3144 1145 3254 1209 VI.
3310 1145 3633 1211 saeculum

651 1252 944 1338 syllogen
993 1271 1171 1316 suam
1205 1251 1651 1335 composuerit,
1700 1249 2108 1315 Ps·Dosithei
2168 1258 2380 1315 autem
2429 1249 2808 1314 fabellarum
2853 1250 3167 1333 collectio,
3219 1252 3426 1334 qualis
3473 1253 3631 1317 Her-

652 1359 1159 1425 meneumatibus
1190 1357 1618 1423 Leidensibus
1650 1362 1908 1421 servata
1940 1363 2056 1438 est,
2093 1362 2267 1420 certe
2292 1351 2402 1420 illo
2435 1356 2608 1440 prior
2639 1357 2743 1439 sit,
2779 1359 3082 1441 temporis
3114 1358 3412 1442 spatium,
3461 1358 3631 1440 quod

650 1468 816 1531 inter
863 1466 1030 1531 hanc
1076 1465 1455 1530 fabellarum
1521 1464 1813 1549 syllogen
1879 1470 1945 1529 et
2014 1464 2181 1527 inter
2250 1482 2482 1528 annum
2532 1463 2683 1545 207,
2756 1483 2882 1544 quo
2932 1464 3172 1548 Hygini
3246 1465 3632 1548 genealogia
3743 1530 3752 1536 ,

652 1579 826 1638 certe
875 1572 1292 1656 transscripta
1361 1577 1478 1652 est,
1550 1570 1633 1635 ad
1680 1570 2006 1634 minimum
2053 1568 2402 1634 reducitur.
2496 1574 2593 1634 est
2640 1589 2794 1653 ergo
2855 1570 3378 1641 verisimillimum
3440 1574 3634 1637 etiam

649 1679 1029 1745 fabellarum
1078 1678 1518 1743 collectionem
1569 1679 1651 1744 ab
1701 1678 1924 1743 eodeni
1973 1683 2236 1742 auctore
2284 1676 2634 1742 conflatam
2657 1680 2701 1757 ¹)
2751 1696 2909 1742 esse.

863 1785 1006 1850 Hoc
1071 1790 1285 1849 autem
1350 1784 1691 1869 plurimum
1737 1783 1822 1849 ad
1870 1783 2088 1849 Babrii
2142 1783 2314 1849 valet
2380 1790 2661 1849 aetatem
2733 1783 3194 1850 definiendam.
3289 1805 3440 1850 nam
3490 1806 3634 1851 cum

649 1893 1021 1976 magistrum
1070 1890 1278 1975 ipsum
1326 1892 1630 1956 Babrium
1702 1891 1916 1957 latinis
1981 1891 2253 1956 senariis
2322 1890 2655 1957 inclusisse
2702 1891 2810 1954 vix
2857 1890 3243 1956 credendum
3290 1893 3393 1974 sit,
3467 1893 3635 1958 inter

652 1997 1141 2065 Ps·Dositheum
1188 2005 1254 2063 et
1300 2017 1601 2081 graecum
1636 1999 1939 2064 Babrium
1989 1998 2244 2080 latinus,
2297 2003 2367 2061 ut
2412 1998 2506 2062 ita
2539 1997 2770 2080 dicam,
2822 1999 3091 2065 Babrius
3126 1999 3631 2084 inter-ponendus

655 2114 770 2173 est.
867 2106 988 2171 huc
1039 2105 1314 2189 accedit,
1387 2105 1559 2188 quod
1606 2105 1714 2170 ille
1760 2126 1841 2171 ne
1888 2106 2151 2170 latinam
2211 2104 2467 2187 quidem
2516 2105 2734 2170 Babrii
2785 2106 3138 2171 versionem
3185 2106 3389 2190 ipsam
3440 2105 3634 2172 mani-

648 2215 765 2279 bus
824 2213 1079 2279 trivisse
1154 2212 1427 2295 videtur,
1499 2211 1613 2277 sed
1679 2218 1751 2277 ut
1799 2212 2067 2277 Tabulis
2115 2210 2388 2292 Assend,
2461 2231 2625 2292 quae
2693 2219 2758 2276 et
2807 2211 3164 2279 Babrianas
3220 2221 3285 2277 et
3328 2212 3634 2279 Ps·Dosi-

652 2321 923 2387 theunas
970 2326 1035 2385 et
1081 2319 1243 2384 alias
1289 2318 1549 2383 aliunde
1597 2318 1862 2384 haustas
1922 2300 2252 2384 continent
2318 2317 2614 2399 fabellaS,
2684 2317 3248 2395 commendatur2),
3314 2318 3399 2383 ad
3446 2320 3634 2385 inter-

649 2434 1051 2513 pretamenta
1098 2426 1295 2491 multo
1362 2426 1621 2491 maioris
1687 2426 1962 2491 ambitus
2008 2424 2239 2490 redire.
2336 2423 2459 2489 hoc
2505 2424 2559 2489 si
2606 2424 2699 2489 ita
2747 2409 2865 2508 est,
2934 2424 3235 2490 Babrium
3280 2446 3406 2490 non
3455 2427 3632 2492 brevi

653 2542 802 2601 ante
849 2553 1084 2600 annum
1117 2533 1268 2615 207,
1317 2531 1432 2598 sed
1480 2532 1608 2596 iam
1655 2530 1974 2597 nonnullis
2023 2529 2354 2596 decenniis
2400 2536 2551 2596 ante
2600 2530 2836 2597 vixisse
2884 2537 3169 2597 statuere
3218 2532 3537 2598 debemus.

864 2639 1034 2719 Quid
1094 2641 1291 2724 igitur
1358 2638 1747 2714 effecimus?
1840 2637 2071 2704 valde
2118 2659 2159 2703 a
2205 2638 2405 2703 viris
2451 2636 2713 2704 doctis
2782 2638 2855 2703 in
2914 2657 3002 2704 eo
3068 2647 3413 2705 erratum
3481 2648 3630 2724 est,

650 2742 848 2828 quod
895 2764 935 2808 a
967 2741 1273 2807 duobus
1304 2740 1478 2808 illis
1512 2747 1725 2806 certe
1759 2739 2186 2806 Babrianis
2218 2740 2585 2824 apologis
2616 2740 2966 2825 profecti
2998 2746 3237 2806 totam
3269 2744 3631 2826 magistri

648 2851 1010 2936 syllogen
1059 2850 1134 2913 in
1182 2853 1467 2933 poetae
1514 2846 1945 2914 habuerunt
1991 2846 2637 2932 paraphrasibus.
2710 2848 2876 2913 iure
2908 2848 3034 2912 illi
3066 2869 3212 2914 non
3245 2850 3390 2914 nisi
3427 2851 3633 2932 quin-

649 2977 791 3042 que
825 2977 861 3022 e
895 2953 1414 3021 Ps·Dosithei
1462 2954 1793 3019 fabellis
1841 2952 2426 3020 adiudicandae
2474 2962 2679 3019 sunt:
2730 2955 2790 3037 8,
2832 2956 3214 3038 10,12,16,
3257 2957 3352 3021 17.
3423 2955 3634 3021 dimi-

650 3064 778 3129 dia
825 3068 1080 3129 autem
1118 3062 1639 3128 Ps·Dosithei
1688 3081 1898 3146 pars:
1952 3063 2010 3137 1,
2045 3062 2103 3138 2,
2143 3061 2206 3144 3,
2240 3062 2302 3143 6,
2336 3061 2942 3144 9,11,14,15,18
2993 3070 3209 3128 certe
3257 3063 3353 3128 ad
3401 3063 3630 3129 alium

650 3172 942 3239 fontem
989 3169 1198 3234 redit
1246 3177 1319 3235 et
1366 3170 1439 3233 in
1474 3168 1590 3234 his
1623 3175 1796 3235 sunt
1829 3169 2170 3250 quinque
2202 3166 2590 3232 fabellae:
2648 3172 2703 3249 1,
2738 3169 2797 3244 2,
2829 3168 2893 3249 9,
2930 3170 3032 3244 11,
3072 3169 3151 3233 18
3186 3177 3228 3233 e'
3254 3169 3491 3235 simili
3524 3178 3635 3234 at·

648 3297 787 3360 que
810 3276 1171 3342 Romulus
1195 3276 1420 3340 fonte
1452 3274 1862 3354 haustaess).
1919 3295 2006 3340 ea
2039 3294 2224 3357 ergo
2250 3274 2327 3338 in
2360 3273 2569 3341 serie
2605 3275 3237 3358 conglutinanda
3269 3277 3633 3342 Ps·Dosi-

649 3384 903 3448 theum
951 3383 1234 3464 latino,
1305 3402 1454 3447 non
1508 3401 1792 3465 graeco
1849 3381 2071 3445 fonte
2118 3401 2333 3445 usum
2389 3400 2560 3447 esse
2627 3381 2814 3445 mibi
2881 3389 3243 3446 constare
3300 3381 3631 3449 videtur.

648 3498 902 3556 ceterae
949 3497 1162 3554 autem
1212 3488 1492 3554 fabellae
1540 3497 1605 3554 et
1653 3489 1906 3554 omnino
1956 3489 2093 3553 eius
2142 3489 2714 3573 interpretamenta
2761 3499 2968 3553 utrum
3017 3509 3051 3553 e
3101 3489 3300 3568 latino
3340 3489 3405 3553 in
3453 3511 3633 3572 grae·

647 3618 790 3663 cuni
841 3596 1149 3661 translata
1196 3597 1322 3661 sint
1368 3617 1450 3661 an
1497 3615 1772 3680 graecus
1817 3615 2024 3661 sermo
2072 3595 2269 3660 fuerit
2317 3595 2653 3680 primarius
2700 3594 3058 3660 diiudicare
3090 3617 3216 3661 non
3248 3595 3542 3661 audeam.

745 3860 749 3864 “
866 3794 916 3855 1)
957 3791 1125 3845 Idem
1165 3791 1460 3845 conclusit
1496 3791 1675 3844 Ficus
1724 3791 1836 3844 etsi
1893 3789 2139 3844 aliunde
2197 3791 2508 3859 profectus
2564 3791 2626 3844 in
2685 3791 3191 3846 commentatione
3246 3806 3442 3861 nuper
3497 3808 3631 3861 pro-

645 3884 792 3950 lata,
850 3895 1009 3951 quae
1047 3882 1394 3935 inscribitur
1434 3880 1590 3945 Quid
1632 3880 1707 3934 de
1745 3879 1948 3933 Babrii
2010 3884 2229 3949 poetae
2287 3881 2413 3934 vita
2451 3880 2735 3951 indagari
2790 3881 2978 3950 possit
3035 3883 3347 3949 quaeritur
3384 3896 3509 3951 pag
3547 3881 3633 3934 24.

867 3972 923 4034 ⁶2)
964 3968 1378 4037 cfnausrath,
1417 3969 1639 4024 Unters
1678 3984 1786 4022 zur
1807 3954 2063 4040 Uberlfg
2091 3969 2200 4023 der
2218 3968 2340 4024 Aes
2361 3970 2528 4024 Fam)
2559 3985 2728 4040 pagg-
2748 3968 2913 4040 298s9
2932 3968 3292 4026 eterusium
3333 3972 3414 4035 <in
3442 3970 3632 4025 Philol

646 4060 746 4116 vol
785 4060 855 4115 53
893 4058 1078 4128 (1894)
1116 4075 1240 4130 pag
1278 4058 1421 4125 248).

862 4149 919 4217 3)
960 4147 1336 4202 Consensum
1374 4147 1747 4202 Ps·Dosithei
1785 4153 1845 4202 et
1884 4147 2120 4202 Romuli
2178 4164 2313 4202 mea
2371 4149 2826 4218 comparatione
2864 4149 3126 4203 evictum
3186 4149 3436 4218 egregie
3495 4163 3633 4202 con·

651 4239 878 4292 firmari
935 4237 1181 4307 gaudeo
1240 4237 1470 4291 Thielei
1509 4237 1746 4291 Romuli
1797 4237 2061 4291 editione
2116 4238 2289 4291 brevi
2346 4239 2410 4292 in
2467 4238 2664 4291 lucem
2723 4239 3059 4308 proditura.
3136 4253 3272 4292 cum
3321 4238 3480 4292 enim
3534 4237 3635 4291 ille

647 4327 800 4382 duas
836 4328 966 4382 fere
1006 4328 1391 4381 recensiones
1429 4327 1666 4382 Romuli
1705 4327 2113 4396 indagaverit,
2173 4327 2338 4395 quod
2376 4328 2519 4381 mihi
2559 4328 2716 4381 hanc
2763 4328 3234 4397 disputationem
3292 4327 3633 4381 absolventi

647 4417 915 4471 nondum
973 4421 1183 4471 notum
1238 4418 1457 4483 suerat,
1515 4419 1783 4486 perfecto
1841 4432 1975 4470 meo
2032 4417 2242 4471 labore
2299 4423 2507 4471 nostra
2565 4418 2945 4472 contulimus
3020 4419 3137 4471 iam
3203 4416 3487 4485 apparuit
3532 4414 3631 4467 Ps-

647 4505 916 4559 Dosithci
958 4511 1304 4559 contextum
1334 4507 1785 4559 accuratissime
1825 4520 2164 4573 congruere
2205 4521 2340 4558 cum
2382 4506 2590 4571 altera,
2638 4521 2817 4575 quam
2858 4507 2958 4559 ilie
3012 4511 3206 4569 vocat,
3258 4503 3630 4570 recensione,

647 4611 804 4665 quae
844 4597 1056 4649 nititur
1096 4598 1424 4665 praecipue
1464 4596 1522 4648 in
1566 4595 1878 4649 codicibus
1917 4595 1983 4662 V,
2033 4595 2098 4647 E.
