4234 6017
2141 428 2491 484 ...53-

819 613 928 677 τήν
966 611 1164 676 αὔριον
1199 610 1310 676 γὰρ
1351 606 1456 678 [τὸ]
1499 609 1712 675 μακρὸν
1750 609 1855 673 οὐχ
1889 607 2234 677 ὑπερβήσῃ.“
2368 606 2694 675 ἀνέγραφον
2730 607 2791 661 δὲ
2828 607 3059 673 πάντας,
3099 607 3160 660 ἐν
3198 607 3260 660 δὲ
3295 612 3414 670 τοῖς
3450 606 3698 672 πρώτοις

821 698 980 754 ταῦτ’
1019 701 1158 766 εἶπε,
1198 699 1288 752 καὶ
1325 699 1393 752 τὸ
1431 699 1627 751 λοιπόν
1666 697 1851 751 οὐκέτ’
1890 697 2077 765 εἰσῄει.
2367 698 2457 750 καὶ
2496 698 2558 750 σὲ
2595 697 2834 764 γράφειν
2873 697 3136 762 ἔμελλον·
3177 695 3295 749 ἀλλ’
3335 696 3446 759 ἐγὼ
3486 693 3671 757 δείσας

822 789 1010 857 χρόνῳ
1051 787 1101 842 δ’
1141 788 1352 851 ἐκεῖνος
1390 788 1452 841 ἐκ
1489 787 1678 840 νόσων
1716 786 2048 853 ἀνασφήλας
2368 787 2534 849 εὐθὺς
2571 788 2909 853 προσῆλθον,
2949 786 3187 852 ἡψάμην
3223 801 3286 839 τε
3322 790 3442 838 τῶν
3480 785 3804 852 σκήπτρων,

824 880 1109 944 προῆλθεν
1147 876 1347 944 ὠχρός,
1384 881 1504 940 τοῖς
1539 878 1707 929 ποσὶν
1745 876 1900 941 μόλις
1938 875 2163 941 βαίνων.
2369 874 2663 941 κάπώμοσ’
2705 875 2913 942 αὐτοῖς,
2952 875 3039 928 ὅτι
3078 876 3147 928 σὺ
3185 879 3307 938 ταῖς
3343 873 3627 940 ἀληθείαις

824 968 857 1019 ό
897 965 944 1018 δ’
985 965 1174 1032 ἰατρὸς
1212 967 1370 1034 αὐτῷ
1414 964 1629 1033 ,χαῖρ’ί*
1666 966 1778 1032 ἔφη
1817 964 2187 1031 συναντήσας,
2275 1004 2279 1008 -
2371 963 2560 1030 ἰατρὸς
2597 965 2703 1017 οὐκ
2741 965 2793 1017 εἲ
2831 966 2922 1017 καί
2961 964 3143 1029 μάτην
3180 963 3529 1029 διεβλήθης.“

1223 1328 1230 1333 .
1323 1276 1426 1343 De
1479 1276 1675 1343 catto
1724 1293 1890 1343 aves
1937 1273 2025 1342 ad
2077 1294 2321 1343 cenam
2370 1276 2669 1343 vocante
2714 1277 2807 1357 (cf
2853 1297 3029 1361 pagg
3074 1277 3161 1342 28
3185 1278 3287 1360 sq)

2073 1428 2328 1485 Ps-Dos
2374 1426 2417 1485 5
2454 1425 2556 1501 (9)

819 1558 1087 1627 Αἴλουρος
1163 1559 1647 1626 προσποιούμενος
1743 1557 2029 1623 γενέθλιον
2103 1556 2260 1621 ἄγειν
2372 1556 2637 1612 Cattuna
2670 1553 3055 1627 fingens<se>
3080 1557 3348 1611 natalem
3385 1571 3564 1625 aqere
3604 1556 3691 1610 ad
3714 1571 3802 1610 ce-

821 1648 911 1700 ἐπὶ
950 1649 1178 1702 δεῖπνον
1216 1649 1385 1715 ὄρνεα
1423 1648 1720 1701 ἐκάλεσεν·
1782 1647 1977 1700 ἔπειτα
2022 1661 2258 1712 παρατε-
2367 1660 2511 1700 nam
2532 1642 2805 1715 qallinas
2830 1643 3198 1713 invita<vi>t.
3238 1643 3458 1699 deinde
3478 1645 3803 1699 observans

823 1737 1087 1804 τηρηκὼς
1123 1737 1477 1800 εἰσελθόντας
1525 1738 1771 1790 ἔκλεισεν
1807 1736 1910 1799 τὰς
1947 1736 2121 1802 Θύρας
2167 1737 2256 1787 καί
2365 1733 2742 1789 introeuntes
2762 1733 2983 1789 clausit
3003 1732 3158 1789 ostia
3179 1736 3234 1788 et
3252 1731 3626 1803 sinqillatim
3651 1731 3800 1803 [qui]

821 1825 946 1878 καθ’
1003 1828 1102 1879 ἕνα
1173 1827 1381 1892 ἤρξατο
1456 1823 1677 1879 ἐσθίειν.
1761 1825 1931 1889 οὗτος
1996 1825 2028 1877 ό
2080 1827 2256 1890 μῦθος
2364 1822 2557 1892 coepit
2591 1823 2985 1878 manducare.
3023 1825 3167 1878 haec
3191 1824 3411 1893 fabula
3437 1825 3585 1891 apta
3611 1824 3698 1877 est
3734 1819 3804 1876 in

822 1915 1102 1980 ἥρμοσται
1141 1914 1220 1979 εἰς
1258 1914 1520 1981 ἐκείνους,
1561 1913 1613 1967 οἳ
1650 1914 1791 1981 πρὸς
1829 1913 2026 1967 ἐλπίδα
2071 1914 2268 1979 ἱλαρὰν
2326 1929 2350 1968 5
2371 1929 2488 1977 eos,
2527 1910 2636 1982 qui
2672 1913 2758 1967 ad
2804 1928 2974 1982 spem
3013 1910 3336 1982 (hilarem)
3357 1909 3803 1981 proficiscentes
3867 1908 3871 1912 ’

819 2004 1191 2070 πορευόμενοι
1228 2005 1298 2057 τὰ
1338 2002 1564 2057 ἐναντία
1606 2002 1936 2068 πάσχουσιν.
2366 1999 2748 2057 contrariam
2779 2000 3125 2072 patiuntur.

819 2092 854 2145 2
890 2107 1032 2146 aves
1068 2090 1300 2147 vocavit
1336 2091 1383 2145 P
1409 2092 1493 2168 ”5
1512 2089 1950 2161 spemilitarem
1974 2089 2024 2144 L
2064 2105 2234 2159 spem
2258 2088 2519 2145 hilarem
2558 2089 2605 2143 P
2633 2104 2812 2159 quem
2851 2096 3097 2145 secutus
3136 2104 3265 2145 sum
3293 2090 3317 2156 ΙΙ
3339 2087 3802 2159 proficiscentes

822 2197 918 2235 om
956 2180 1003 2234 P
1028 2183 1052 2250 ΙΙ
1077 2182 1110 2236 6
1148 2180 1465 2237 contraria
1501 2182 1565 2237 P.

1824 2355 1995 2413 Rom
2036 2354 2223 2412 Burn
2263 2354 2355 2412 IV
2367 2354 2442 2413 1¹7
2462 2380 2532 2405 =
2546 2354 2805 2415 Ps-Dos

829 2478 1057 2535 Corvus
1115 2479 1403 2536 similans
1464 2496 1526 2536 se
1581 2483 1848 2536 natalem
1909 2482 2206 2536 celebrare
2256 2485 2404 2536 ‘aves
2449 2481 2536 2536 ad
2582 2497 2793 2537 cenam
2848 2478 3151 2536 invitavit.
3227 2478 3447 2535 deinde
3484 2478 3801 2549 inyressus

819 2567 1045 2624 clausit
1081 2567 1305 2626 ostium
1343 2571 1398 2623 et
1433 2567 1804 2641 sinyillatim
1841 2568 2036 2639 coepit
2074 2569 2343 2626 occidere
2380 2585 2500 2625 eas.
2574 2572 2717 2625 haec
2750 2569 2969 2640 fabula
3005 2571 3177 2640 facta
3232 2573 3320 2625 est
3364 2568 3435 2625 in
3477 2567 3632 2637 illos,
3690 2566 3801 2639 qui

824 2673 995 2725 opem
1032 2656 1319 2712 hilariter
1351 2657 1681 2714 tribuentes
1736 2659 1842 2726 (ad
1880 2675 2052 2728 opem
2089 2657 2352 2714 hilarem
2378 2658 2849 2730 proficiscentes
2905 2659 3043 2714 Flor
3080 2665 3139 2714 et
3177 2659 3439 2728 Vindob)
3486 2655 3799 2715 contraria

822 2744 1260 2801 machinantur
1296 2746 1648 2815 (patiuntur
1695 2748 1836 2802 Flor
1875 2753 1936 2801 et
1973 2748 2255 2811 Vindob).

820 2834 1138 2889 Genuinae
1175 2836 1409 2889 formae
1447 2836 1950 2890 affabulationem
1989 2838 2268 2906 magistri
2307 2839 2548 2907 apolog-i
2588 2838 2821 2893 ambitu
2860 2839 3160 2894 contineri
3197 2840 3317 2893 iam
3354 2838 3612 2894 Rothius
3637 2842 3800 2892 reete

817 2924 1051 2979 monuit
1087 2924 1108 2977 l
1147 2939 1180 2978 c
1217 2939 1343 2993 pag
1367 2923 1475 2978 540
1510 2924 1573 2978 in
1611 2925 1734 2978 adn
1774 2925 1856 2980 18.

1608 3227 1712 3293 De
1754 3229 2053 3295 ‘cornice
2101 3228 2399 3296 sitiente
2447 3229 2540 3310 (cf
2587 3251 2763 3315 pagg
2808 3231 2895 3295 29
2922 3234 3024 3313 sq)

2030 3379 2288 3438 Ps·Dos
2333 3379 2377 3439 8
2417 3382 2556 3455 (10)

819 3507 1052 3574 Κορώνη
1105 3509 1329 3572 διψῶσα
1382 3509 1704 3574 προσῆλθεν
1767 3508 1857 3560 ἐπὶ
1913 3506 2108 3575 ὑδρίαν
2166 3512 2257 3562 καὶ
2370 3510 2602 3566 Corniae
2637 3510 2851 3567 sitiens
2889 3510 3136 3568 accessit
3162 3513 3247 3568 ad
3270 3511 3562 3583 hydriam
3587 3516 3642 3567 et
3661 3529 3800 3567 eam

813 3598 1031 3661 ταύτην
1070 3597 1317 3661 ἐβιάζετο
1357 3597 1684 3664 ἀνατρέψαι.
1729 3594 1848 3649 ἀλλ’
1886 3596 1974 3649 ὅτι
2014 3597 2257 3665 ἰσχυρῶς
2372 3601 2709 3654 conabatur
2763 3602 3121 3656 convertere.
3197 3602 3306 3656 sed
3344 3600 3495 3671 quia
3547 3600 3799 3671 fortiter

818 3683 1078 3752 εἱστήκει,
1100 3686 1206 3738 οὐκ
1233 3686 1471 3740 ἐδύνατο
1500 3687 1680 3751 αὐτὴν
1709 3688 2089 3750 καταβάλλειν.
2117 3688 2256 3741 ἀλλὰ
2367 3689 2585 3757 stabat,
2659 3705 2784 3744 non
2837 3676 3081 3759 poterat
3141 3706 3274 3744 eam
3347 3688 3593 3745 deicere.
3691 3693 3799 3745 sed

817 3774 1037 3842 μεθόδῳ
1086 3775 1369 3842 ἐπέτυχεν,
1425 3776 1457 3829 ὃ
1516 3775 1819 3841 ἠθέλησεν·
1878 3778 2089 3842 ἔπεμπε
2145 3776 2254 3844 γὰρ
2364 3776 2633 3833 remedio
2670 3776 2952 3844 obtinuit,
2991 3778 3156 3848 quod
3179 3775 3399 3846 voluit3
3436 3776 3605 3833 misit
3631 3776 3797 3833 enim

818 3862 1051 3931 ψήφους
1089 3863 1166 3928 εἰς
1203 3865 1309 3929 τὴν
1347 3863 1543 3930 ὑδρίαν
1581 3866 1671 3917 καὶ
1696 3863 1923 3919 τούτων
1947 3867 2015 3922 τό
2043 3868 2260 3933 πλῆθος
2320 3882 2347 3923 5
2368 3868 2628 3923 calculos
2666 3865 2734 3923 in
2771 3865 3063 3939 hydriam
3101 3869 3155 3921 et
3209 3882 3418 3921 eorum
3471 3866 3798 3922 multitudo

814 3951 926 4004 ἀπὸ
983 3950 1237 4005 κάτωθεν
1285 3953 1349 4006 τὸ
1400 3954 1555 4019 ὕδωρ
1610 3952 1729 4006 ἄνω
1790 3954 2105 4022 ὑπερέχεεν,
2163 3958 2253 4009 καὶ
2364 3956 2438 4010 de
2475 3953 2599 4011 imo
2627 3972 2855 4026 aquam
2892 3973 3104 4011 susum
3129 3954 3345 4026 effudit
3371 3954 3537 4011 etsie
3574 3955 3797 4012 cornia:

813 4041 1051 4105 οὕτωςή
1091 4042 1316 4107 κορώνη
1354 4043 1460 4107 τήν
1498 4039 1641 4095 ἰδίαν
1681 4040 1850 4106 δίψαν
1883 4044 2250 4098 κατέπαυσεν.
2360 4043 2531 4099 sitim
2566 4060 2744 4100 suam
2782 4044 3118 4114 reparavit.
3193 4043 3281 4102 sic
3321 4062 3464 4117 erqo
3487 4042 3797 4116 sapientia

812 4130 998 4194 οὕτως
1037 4129 1139 4182 οὖν
1178 4130 1451 4197 φρόνησις
1488 4130 1809 4197 ἀνδρότητα
1848 4134 2048 4201 πλανᾷ.
2359 4131 2643 4187 virtutem
2678 4131 2862 4203 fallit.

812 4218 847 4271 2
873 4234 984 4287 sqq
1023 4219 1084 4271 in
1123 4218 1170 4271 P
1228 4218 1409 4273 valde
1446 4219 1509 4272 in
1549 4224 1746 4274 artum
1787 4225 2101 4276 eontracta
2139 4228 2279 4277 sunt
2316 4225 2423 4278 sed
2461 4238 2598 4277 cum
2634 4238 2758 4278 non
2790 4227 2993 4292 posset
3030 4225 3169 4279 ἀλλὰ
3208 4228 3282 4292 μὴ
3323 4227 3606 4292 δυναμένη
3644 4222 3797 4293 lapi·

815 4305 995 4363 dibus
1020 4322 1155 4362 eam
1179 4306 1456 4377 implevit
1495 4308 1666 4373 λίθοις
1706 4311 1886 4375 αὐτὴν
1924 4311 2220 4378 ἐπλήρωσε
2259 4326 2524 4381 quorum
2559 4309 2954 4367 multitudine
2981 4314 3063 4366 ὧν
3100 4319 3184 4381 τῷ
3221 4314 3422 4382 πλήθει
3459 4311 3798 4369 emundavit

813 4412 980 4465 aqua
1037 4397 1357 4463 ὑπερεχύθη
1415 4398 1571 4465 ὕδωρ
1618 4396 1642 4465 ΙΙ
1696 4400 1730 4451 6
1768 4399 1989 4453 lacuna
2037 4405 2174 4469 post
2228 4403 2284 4456 et
2321 4398 2410 4456 sic
2449 4399 2669 4457 cornia:
2714 4402 2776 4455 in
2813 4402 2860 4456 P
2902 4402 2927 4471 ΙΙ
2970 4406 3090 4473 ‘Isq
3129 4401 3218 4459 sic
3255 4402 3452 4459 virtus
3488 4401 3796 4473 sapientia

811 4486 1145 4553 superatur
1181 4486 1368 4549 οὕτως
1406 4485 1633 4553 ἀνδρεία
1675 4487 1949 4554 φρονήσει
1988 4494 2267 4556 στερεῑται
2306 4489 2369 4543 Ρ.

1793 4733 1966 4790 Rom
2003 4733 2189 4792 Burn
2226 4735 2319 4793 IV
2336 4735 2413 4794 13
2451 4735 2796 4795 =Ps·Dos

815 4840 1044 4896 Cornix
1080 4842 1293 4899 sitiens
1328 4843 1580 4900 accessit
1616 4846 1700 4900 ad
1735 4863 1964 4901 urnam
2011 4846 2339 4903 dimidiam
2397 4865 2593 4918 aquae
2648 4852 2703 4903 et
2757 4867 2890 4904 eam
2945 4852 3281 4906 conabatur
3336 4856 3609 4908 evertere.
3685 4856 3793 4908 sed

811 4927 1103 4999 quoniam
1137 4932 1388 5002 fortiter
1426 4936 1643 5003 stabat,
1683 4951 1808 4989 non
1839 4939 2082 5005 poterat
2121 4952 2254 4990 eam
2290 4953 2541 4992 movere.
2591 4939 2756 5008 quod
2781 4955 2918 4994 cum
2945 4938 3190 5008 videret,
3228 4942 3334 4997 hoc
3361 4945 3788 5012 arqumentum

811 5016 1059 5074 invenit.
1133 5024 1680 5092 sumensflcalculos
1716 5022 1889 5079 misit
1925 5022 1994 5078 in
2031 5041 2259 5080 urnam
2297 5028 2349 5080 et
2387 5041 2465 5080 ex
2498 5026 2891 5082 multitudine
2930 5030 3304 5085 calculorum
3331 5046 3497 5100 aqua
3527 5046 3604 5085 eae
3628 5046 3792 5084 urna

807 5123 1056 5163 sursum
1091 5114 1372 5178 porrecta
1430 5114 1516 5167 est
1553 5114 1608 5165 et
1662 5110 1752 5168 sic
1808 5129 1987 5167 suam
2025 5111 2279 5168 satiavit
2319 5112 2505 5170 sitim.
2580 5117 2773 5183 (deest
2812 5119 3227 5188 epimythium.
3303 5120 3410 5173 sed
3457 5121 3515 5172 cf
3553 5118 3790 5174 Vindob

809 5198 1114 5265 promyth:
1155 5195 1402 5269 inqenio
1439 5203 1787 5269 superatur,
1827 5202 1992 5271 quod
2030 5199 2269 5257 viribus
2306 5205 2607 5274 neyatur).
