4234 6017
2211 422 2561 477 ...41-

887 609 1318 675 necessarium
1367 614 1486 673 est.
1579 607 1707 672 iam
1764 607 1819 672 si
1876 613 2068 690 poeta
2139 625 2361 669 canem
2411 603 2748 669 confestim
2805 603 2868 666 in
2917 622 3151 684 aquam
3215 621 3284 666 se
3344 599 3872 685 praecipitantem

888 716 1206 797 finxisset,
1255 714 1422 780 idem
1473 712 1642 796 quod
1685 711 2017 779 Phaedrus
2062 716 2419 796 peccasset.
2512 711 2610 775 sin
2658 715 2870 775 autem
2919 709 3153 773 solain
3186 709 3481 792 Aesopea
3528 705 3873 771 traditione
3955 749 3956 752 κ

889 821 1263 908 recipienda
1310 821 1756 904 acquievisset,
1815 818 1881 884 id
1929 820 1994 883 in
2043 838 2118 883 eo
2169 815 2656 902 vituperandum
2704 816 2950 897 fuisset,
3024 813 3195 897 quod
3263 833 3508 896 canem,
3579 812 3702 879 etsi
3767 811 3875 878 ille

888 929 952 993 in
1013 929 1172 1012 fuga
1218 935 1334 1012 est,
1367 927 1597 993 ”tamen
1643 927 1709 991 in
1756 926 1879 991 hac
1924 925 2112 991 fluvii
2161 926 2301 1009 ripa
2347 930 2711 990 manentem
2757 920 3132 988 induxisset.
3212 921 3500 987 restabat
3548 940 3700 1004 ergo
3751 941 3876 985 una

889 1035 1071 1118 baec,
1134 1055 1321 1119 quam
1370 1035 1640 1101 Babrius
1686 1034 2010 1117 ingressus
2057 1037 2173 1110 est,
2240 1031 2367 1097 via.
2462 1037 2525 1096 et
2572 1050 2821 1095 amnem
2871 1034 3382 1114 praetereuntem
3429 1047 3652 1093 canem
3717 1028 3876 1093 fecit

893 1150 957 1209 et
1023 1149 1473 1209 transeuntem.
1591 1141 1682 1206 ita
1742 1145 1807 1206 et
1854 1138 2135 1205 Phaedri
2192 1145 2257 1205 et
2305 1140 2543 1223 Aesopi
2610 1137 2896 1221 vulgaris
2951 1136 3183 1202 vitavit
3239 1134 3419 1202 vitia.
3514 1135 3656 1218 quis
3720 1155 3874 1219 ergo

893 1256 1009 1333 est,
1058 1248 1167 1333 qui
1216 1249 1336 1315 hoc
1383 1250 1446 1314 in
1498 1269 1687 1315 versu
1735 1246 2080 1314 offendat?
2174 1248 2366 1312 immo
2415 1244 2772 1311 desiderari
2817 1266 2941 1310 non
2991 1249 3223 1329 potest.

1104 1357 1265 1423 Item
1298 1357 1641 1441 perspicua
1672 1362 1771 1421 est
1803 1354 2021 1421 Babrii
2057 1375 2164 1421 ars
2194 1355 2260 1418 in
2292 1352 2515 1418 fabula
2548 1350 2653 1434 43,
2698 1372 2862 1434 quae
2894 1357 2990 1417 est
3039 1349 3131 1416 de
3178 1372 3411 1418 cervo
3467 1370 3690 1416 crura
3736 1370 3876 1416 sua
3899 1356 3947 1409 B

886 1464 1420 1549 vituperante,
1481 1482 1772 1529 cornua
1818 1461 2214 1527 laudante.
2307 1465 2564 1545 praeter
2596 1458 2816 1525 Babrii
2855 1459 3146 1542 formam,
3196 1466 3266 1524 ut
3312 1458 3435 1525 hoc
3480 1464 3869 1543 repetamus,
3963 1517 3965 1519 ,

891 1569 1076 1636 nobis
1124 1568 1405 1635 traditae
1452 1575 1628 1636 sunt:

1099 1699 1341 1756 Phaedr
1377 1701 1406 1755 I
1433 1701 1502 1754 12
1540 1730 1606 1740 -
1644 1700 1795 1756 Rom
1821 1699 1990 1768 1117;
2052 1699 2281 1754 Ps·Dos
2311 1700 2447 1767 1(1);
2506 1697 2709 1768 Aphth
2752 1698 3050 1752 18=Kor
3077 1698 3243 1766 181ος
3300 1696 3518 1768 Syntip
3552 1698 3617 1752 15
3655 1697 3870 1753 =Kor

888 1807 1014 1861 pag
1038 1790 1232 1860 365163
1281 1790 1396 1860 Ign
1434 1790 1586 1845 Diac
1611 1790 1756 1845 Tetr
1790 1790 1819 1843 I
1847 1789 1938 1858 143
1976 1788 2498 1858 Anonym=Kor
2537 1789 2636 1842 181
2656 1787 2875 1838 ambas
2912 1804 3081 1859 pagg
3117 1787 3300 1855 36415,
3342 1788 3440 1843 181
3458 1785 3510 1855 d,
3548 1802 3673 1858 pag
3709 1788 3874 1843 3650.

1100 1908 1225 1972 Hic
1271 1907 1472 1973 solum
1521 1906 1694 1992 apud
1724 1907 2029 1973 Babrium
2077 1925 2306 1972 cervus
2352 1907 2574 1985 λίμνης
2608 1905 2783 1987 ὕδωρ
2816 1905 3138 1972 inducitur
3170 1905 3415 1988 bibens,
3463 1926 3589 1969 non
3624 1925 3659 1970 e
3693 1907 3871 1972 fonte

888 2013 1055 2079 sicut
1101 2016 1167 2079 in
1214 2016 1465 2080 ceteris.
1560 2013 1730 2096 quod
1780 2035 1819 2078 a
1868 2020 2059 2099 poeta
2105 2034 2233 2079 non
2278 2014 2564 2091 fortuit0,
2625 2012 2740 2079 sed
2790 2020 2962 2080 certe
3010 2034 3085 2079 eo
3135 2012 3421 2096 consilio,
3491 2019 3561 2077 ut
3607 2014 3872 2098 propius
3969 2024 3971 2026 ’

891 2119 976 2185 ad
1023 2127 1291 2186 naturae
1323 2140 1533 2187 rerum
1575 2122 1913 2187 veritatem
1945 2120 2319 2187 accedendo
2358 2122 2595 2207 Aesopi
2629 2121 2914 2187 vinceret
2946 2121 3404 2203 recensionem,
3453 2120 3869 2186 substitutum
3971 2143 3972 2154 ¹

890 2233 1008 2292 est.
1088 2227 1328 2314 perrari
1377 2228 1545 2293 enim
1593 2227 2001 2294 inveniuntur
2047 2228 2279 2308 fontes,
2328 2228 2394 2292 in
2442 2228 2672 2310 quibus
2717 2229 3002 2294 umbram
3052 2233 3224 2292 tuam
3259 2226 3471 2293 vivaci
3515 2226 3870 2312 rapidoque

890 2332 1268 2400 undularum
1319 2340 1529 2400 tractu
1575 2354 1701 2399 non
1752 2333 1975 2400 videas
2024 2333 2216 2400 valde
2273 2335 2733 2419 perturbatam,
2791 2354 2932 2399 cum
2981 2341 3213 2417 stagna
3271 2353 3524 2418 semper
3583 2334 3721 2400 fere
3779 2335 3870 2398 in·

888 2441 1089 2506 tuenti
1138 2461 1443 2523 aquarum
1493 2442 1845 2526 praebeant
1891 2442 2220 2526 speculum
2280 2440 2709 2524 tranquillum,
2776 2441 2895 2506 nisi
2969 2441 3137 2506 forte
3214 2446 3441 2506 ventus
3510 2446 3686 2507 ortus
3749 2447 3865 2507 est.
3974 2472 3977 2517 ᾗ

886 2546 1000 2613 sed
1047 2552 1119 2613 ut
1180 2554 1245 2613 et
1301 2547 1464 2613 baec
1523 2548 1839 2614 dubitatio
1886 2547 2010 2613 fiat
2066 2568 2237 2614 vana
2285 2548 2466 2631 quasi
2512 2548 2640 2612 iam
2688 2548 2751 2612 in
2799 2547 3017 2612 limine
3065 2546 3225 2633 ipso,
3274 2552 3467 2633 poeta
3513 2546 3596 2612 ad
3647 2549 3869 2627 λίμνης
3975 2534 3976 2541 ³

888 2653 1064 2735 ὕδωρ
1113 2674 1416 2740 expresse
1465 2662 1530 2720 et
1562 2653 1819 2720 addidit
1863 2654 2346 2734 ἡσυχαζούσης.

1092 2762 1415 2848 Deinceps
1463 2761 1878 2849 inspiciamus
1924 2761 2146 2826 Babrii
2217 2759 2307 2825 de
2355 2761 2675 2826 murium
2727 2767 2802 2826 et
2850 2761 3362 2827 mustelarum
3412 2760 3619 2827 bello
3676 2761 3871 2827 bisto-
3895 2779 3977 2833 Ba

885 2868 1105 2933 riolam
1152 2866 1260 2963 31.
1354 2874 1794 2935 tractaverunt
1838 2867 2009 2932 idem
2058 2874 2531 2951 argumentum:

1105 3001 1344 3055 Phaedr
1384 3000 1463 3055 IV
1490 3001 1550 3070 63
1594 3001 1822 3055 Ps·Dos
1860 3000 2002 3069 3(4);
2058 2998 2275 3070 Syntip
2303 3000 2371 3055 51
2401 3023 2469 3047 =
2500 3001 2627 3056 Kor
2664 3001 2834 3071 24203
2901 3001 3181 3073 Anonym
3212 3025 3278 3049 ==
3311 3003 3438 3058 Kor
3475 3005 3624 3059 242²
3650 3027 3718 3051 =
3745 3004 3871 3059 Kor

885 3105 1053 3160 pagg
1089 3088 1338 3158 382s11).
1425 3164 1431 3169 ⁸

1110 3207 1235 3272 Hic
1283 3207 1586 3272 Babrium
1633 3207 2050 3273 variationem
2099 3227 2278 3273 suam
2328 3215 2617 3273 nontam
2652 3229 2687 3274 e
2719 3209 2899 3274 fonte
2931 3209 3202 3294 vulgari,
3250 3231 3440 3293 quam
3488 3233 3568 3278 ex
3616 3212 3873 3296 ingenio

894 3332 1010 3379 suo
1059 3313 1349 3379 hausisse
1399 3319 1740 3398 propterea
1787 3313 1939 3378 mihi
1997 3316 2305 3399 persuasi,
2378 3315 2528 3397 quia
2592 3336 2848 3400 prorsus
2906 3318 3247 3401 singularis
3302 3324 3416 3383 est.
3522 3340 3667 3385 nam
3729 3339 3870 3385 cum

892 3418 1065 3504 apud
1109 3426 1356 3486 ceteros
1404 3421 1671 3486 murium
1721 3419 1919 3486 duces
1967 3422 2265 3487 cornibus
2313 3421 2697 3488 inducantur
2744 3425 2971 3506 ornati,
3021 3424 3191 3509 apud
3242 3444 3382 3489 eum
3431 3424 3552 3491 sibi
3600 3424 3870 3508 alligant

885 3529 1087 3593 λεπτὰ
1150 3531 1441 3608 πηλίνων
1504 3531 1740 3609 τοίχων
1781 3540 1789 3606 Ι
1830 3530 2043 3610 κάρφη
2098 3533 2210 3609 (vv
2263 3531 2342 3595 13
2391 3534 2510 3613 sq).
2606 3531 3101 3614 quamquam'et
3148 3532 3272 3597 hoc
3320 3537 3385 3595 et
3431 3532 3561 3596 alia
3606 3533 3670 3596 in
3729 3534 3867 3597 eius

888 3636 1161 3720 apologo
1196 3636 1840 3703 Batrachomachiam
1890 3637 2063 3702 olent
2080 3640 2153 3720 ²),
2223 3643 2433 3703 tamen
2477 3636 2543 3702 id
2597 3637 2951 3704 cavendum
2997 3644 3112 3721 est,
3160 3658 3241 3702 ne
3275 3658 3414 3703 eum
3450 3638 3531 3703 ob
3565 3637 3631 3703 id
3663 3640 3870 3722 magis

888 3741 1163 3825 Pigretis
1222 3764 1412 3826 quam
1459 3745 1557 3810 sui
1603 3746 1988 3810 imitatorem
2035 3765 2357 3811 vocemus.
2451 3744 2794 3810 intercedit
2841 3747 3008 3811 enim
3066 3745 3229 3811 haec
3283 3747 3449 3810 inter
3505 3765 3615 3810 eos
3677 3744 3868 3811 diffe-

888 3850 1116 3915 rentia.
1194 3850 1516 3936 Pigretem
1567 3850 2107 3937 deprehendimus
2154 3854 2229 3917 τὸ
2277 3853 2559 3933 λὲπυρον
2595 3854 2922 3933 ἐρεβίνθου
2970 3856 3056 3932 (ν,
3089 3853 3239 3932 131)
3294 3852 3635 3917 manifesto
3683 3873 3869 3938 paro-

886 3955 1034 4023 diae
1103 3977 1298 4023 causa
1358 3958 1785 4041 inducentem,
1851 3981 1892 4024 a
1939 3958 2178 4023 Babrio
2234 3965 2448 4023 autem
2515 3958 2800 4042 talequid
2868 3959 2974 4024 hic
3023 3958 3281 4042 quidem
3349 3958 3522 4038 (dico
3568 3960 3632 4023 in
3682 3979 3869 4024 versu

889 4065 969 4129 13
1017 4067 1117 4147 sq)
1190 4066 1429 4132 afuisse
1479 4065 1750 4133 videtur.
1843 4086 1986 4130 nam
2037 4065 2146 4130 ille
2212 4065 2442 4130 alludit
2497 4065 2582 4130 ad
2647 4065 2890 4147 galeas,
2956 4086 3102 4131 cum
3151 4066 3512 4131 Babrianae
3578 4067 3868 4131 festucae

883 4190 1026 4236 cum
1074 4179 1250 4238 certo
1297 4173 1619 4238 hominum
1666 4174 2085 4239 instrumento
2135 4172 2240 4237 vel
2287 4180 2658 4237 ornamento
2708 4173 2984 4237 conferri
3031 4194 3156 4238 non
3205 4173 3470 4258 possint,
3519 4170 3633 4237 sed
3666 4173 3862 4238 mani-

881 4278 1048 4344 festo
1107 4299 1144 4345 e
1201 4281 1487 4364 vulgaris
1533 4280 1900 4347 traditionis
1960 4281 2261 4345 cornibus
2308 4279 2635 4365 profectae
2694 4279 2841 4345 sint.
2910 4284 3120 4364 poeta,
3190 4286 3258 4344 ut
3306 4279 3577 4362 videtur,
3649 4281 3861 4346 animo

884 4386 1202 4471 effingere
1247 4408 1374 4452 non
1422 4389 1649 4474 potuit,
1711 4389 1928 4471 qualia
1973 4389 2214 4453 fuerint
2261 4389 2540 4471 insignia
2585 4387 2693 4453 illa
2742 4407 2778 4452 e
2825 4386 3285 4452 nutricularum
3344 4386 3600 4452 fabellis
3656 4388 3862 4471 petita

883 4499 994 4557 aut
1040 4494 1210 4560 unde
1275 4497 1341 4561 in
1399 4495 1704 4561 humilem
1765 4497 2031 4560 murium
2100 4515 2330 4560 cavum
2399 4496 2828 4580 pervenerint.
2922 4514 3119 4577 quare
3186 4495 3513 4559 substituit
3581 4494 3867 4559 festucas

891 4618 1058 4682 suas,
1110 4621 1274 4683 quae
1324 4609 1388 4668 et
1434 4603 1640 4668 forma
1689 4624 1728 4668 a
1777 4603 2074 4668 cornibus
2123 4603 2377 4667 minime
2426 4601 2671 4667 distare
2718 4609 2782 4666 et
2826 4604 3094 4666 murium
3159 4602 3380 4684 generi
3447 4601 3653 4683 magis
3719 4621 3862 4666 con·

890 4706 1106 4771 venire
1155 4707 1542 4775 viderentur.

1107 4933 1159 4998 1)
1197 4934 1333 4991 Non
1393 4937 1456 4989 in
1519 4937 1938 5005 quaestionem
2002 4936 2321 4990 vocandae
2384 4940 2525 4989 sunt
2599 4934 2806 4989 Babrii
2870 4934 3275 5003 paraphrases
3312 4955 3379 4978 =
3410 4933 3539 4988 Kor
3599 4933 3746 4987 2421>
3807 4941 3866 4990 et

888 5036 1059 5091 pass
1082 5022 1265 5094 38314-

1115 5110 1169 5179 2)
1211 5112 1386 5177 Quod
1441 5113 1792 5170 observavit
1846 5116 1966 5169 iam
2023 5113 2272 5170 Crusius
2328 5115 2389 5168 in
2446 5118 2749 5183 apparatu
2805 5114 2915 5168 crit
2953 5114 3032 5168 ad
3071 5130 3154 5168 vv
3192 5115 3278 5184 14,
3315 5115 3403 5183 21,
3439 5114 3534 5181 32;
3592 5116 3648 5168 cf
3685 5113 3864 5169 etiam

886 5198 1508 5257 Christofferssonium
1545 5219 1671 5274 pag
1708 5203 1794 5258 67.
