4234 6017
1990 447 2341 503 „51-

673 628 1006 700 infrenari,
1063 645 1138 682 ne
1175 628 1377 683 malus
1433 630 1487 682 ct
1541 625 1879 682 indomitus
1941 626 2111 695 <sis>.
2226 632 2434 695 χεσθαι,
2503 631 2592 681 καὶ
2664 628 2869 681 εἰδέναι
2927 629 3129 682 λέοντα
3189 630 3301 682 ὑπὸ
3365 628 3660 695 ἀνθρώτου

675 734 854 788 saepe
892 735 1035 789 erqo
1075 714 1233 771 artis
1269 715 1432 770 ratio
1471 715 1668 771 currit
1707 713 1771 769 in
1828 732 1943 783 eos,
1997 715 2113 771 alii
2222 721 2597 784 χαλινοθσθαι,
2659 717 2815 784 <ἵνα>
2876 719 2948 783 μὴ
3008 719 3177 781 κακὸς
3213 720 3304 771 καὶ
3342 719 3663 784 ἀδάμαστος

676 810 878 861 autem
915 804 1235 875 corriyunt
1273 804 1515 875 lonqius
1568 803 1754 860 libros
1809 804 2111 860 intuentes
2225 804 2375 874 (ᾖς).
2434 808 2699 870 πολλάκις
2734 807 2845 875 ἱοὑν
2901 807 3102 873 τέχνης
3158 809 3324 871 λόγος
3358 808 3544 873 τρέχει
3582 807 3661 871 εἰς

676 900 936 951 naturae
980 892 1315 966 inqenium.
2223 896 2454 958 αὐτούς·
2494 896 2650 950 ἄλλοι
2689 897 2750 950 δὲ
2793 898 3115 963 διορθοῡσιν
3153 898 3500 963 μακρότερον
3556 900 3661 963 βιβ-

2153 998 2202 1040 25
2228 984 2364 1048 λίοις
2401 986 2710 1052 ἐνορῶντες
2747 986 2976 1052 φύσεως
3013 987 3271 1051 εὐφυΐαν.

677 1092 801 1161 4sq
840 1092 1198 1158 ἐπανώτερος
1224 1091 1274 1143 L
1301 1090 1324 1159 ΙΙ
1350 1090 1472 1159 qu
1511 1092 1601 1143 καὶ
1640 1092 1719 1153 ὡς
1757 1092 1947 1157 ἦλθον,
2004 1092 2151 1144 ὅπου
2190 1092 2260 1157 ἢν
2300 1098 2584 1159 μνημεῖον,
2642 1093 2704 1145 ἐν
2740 1093 2787 1161 ᾧ
2826 1095 2878 1146 et
2915 1094 2981 1146 ut
3019 1095 3326 1160 venerunt,
3385 1091 3492 1147 ubi
3530 1096 3662 1148 erat

677 1183 1150 1247 monumentum,
1188 1177 1256 1232 in
1295 1194 1414 1249 quo
1451 1178 1501 1230 L
1528 1179 1610 1246 118
1648 1178 1926 1233 ἐδείκνυεν
1965 1180 2069 1232 οὖν
2107 1181 2266 1248 αὐτῷ
2307 1181 2339 1234 ὁ
2377 1181 2677 1248 ἄνθρωπος
2720 1182 2827 1245 τὴν
2854 1180 3161 1248 μαρτυρίαν
3186 1182 3247 1235 ἐν
3272 1188 3343 1249 τῇ
3371 1181 3663 1252 Ζωγραφίᾳ

679 1270 1022 1324 ostendebat
1047 1285 1185 1337 erqo
1214 1266 1268 1322 ei
1294 1269 1469 1322 homo
1508 1265 1922 1322 testimonium
1947 1265 2014 1321 in
2035 1266 2291 1337 pictura
2318 1269 2437 1322 add
2464 1268 2514 1321 L
2550 1269 2573 1337 ΙΙ
2601 1270 2664 1322 11
2705 1269 2973 1335 ἑωράκεις
3011 1271 3079 1323 ἂν
3117 1267 3375 1325 vidisses
3414 1269 3663 1339 quidem

679 1358 729 1410 L
755 1357 777 1424 ΙΙ
807 1358 871 1410 13
909 1359 1140 1410 διδωσοι
1178 1357 1225 1410 Ρ
1266 1357 1433 1409 δώσω
1475 1372 1564 1409 σοι
1603 1356 1651 1409 L
1678 1356 1700 1423 ΙΙ
1731 1356 1796 1410 15
1817 1372 1887 1424 sq
1925 1357 2242 1411 oculorum
2281 1356 2550 1424 ὀμμάτων
2586 1357 2633 1410 Ρ
2696 1359 3011 1423 χρωμάτων
3051 1359 3358 1426 μαρτυρίας
3395 1362 3664 1415 colorum

680 1443 1091 1500 testimonium
1130 1445 1177 1499 L
1217 1446 1430 1499 melius
1470 1447 1528 1499 cs
1564 1448 1801 1499 ceteras
1838 1447 2212 1501 variationes
2248 1447 2271 1514 ΙΙ
2319 1448 2383 1502 17
2424 1448 2493 1501 ἄν
2530 1448 2580 1500 L
2622 1463 2715 1501 om
2754 1447 2801 1499 P
2845 1448 2867 1515 ΙΙ
2912 1447 2983 1501 20
3001 1463 3071 1517 sq
3107 1448 3201 1502 ἵνα
3244 1454 3302 1503 et
3339 1447 3426 1504 sis
3463 1452 3529 1518 ᾖς
3568 1466 3661 1504 om

680 1535 727 1588 P
752 1534 871 1603 1123
910 1535 1174 1597 πολλάκις
1212 1535 1315 1588 οὖν
1353 1537 1453 1587 κτλ
1493 1535 1713 1588 desunt
1751 1536 1814 1587 in
1839 1533 1907 1588 L.

1676 1708 1848 1766 Rom
1885 1709 2070 1766 Burn
2107 1711 2199 1768 IV
2221 1716 2287 1768 17
2308 1736 2376 1760 =
2398 1711 2653 1769 Ps-Dos

670 1842 867 1895 Homo
906 1845 961 1895 et
999 1843 1106 1910 lec,
1161 1858 1298 1897 cum
1335 1841 1497 1898 inter
1533 1858 1595 1897 se
1632 1844 1946 1911 certarent,
2006 1841 2149 1913 quis
2187 1846 2337 1898 esset
2374 1842 2657 1913 superior
2712 1847 2766 1898 et
2823 1847 3185 1914 quaererent
3241 1845 3427 1902 huius
3489 1848 3665 1902 alter—

632 1975 639 1984 ,
684 1930 945 1987 cationis
983 1929 1411 2001 testimonium,
1450 1949 1587 1988 cum
1625 1931 1926 1987 venissent
1964 1934 2048 1987 ad
2084 1935 2561 2001 monumentum,
2599 1932 2707 1988 ubi
2745 1935 2876 1988 erat
2910 1931 3180 2002 pictura,
3239 1936 3540 2005 quomodo
3577 1938 3666 1991 leo

686 2021 760 2074 ab
798 2018 1038 2075 homine
1074 2022 1427 2090 suffocatur,
1467 2020 1728 2075 ostendit
1764 2023 1941 2076 homo
1979 2020 2084 2076 ille
2124 2020 2537 2078 testimonium
2574 2020 2643 2076 in
2673 2020 2944 2091 pictura.
3018 2021 3120 2077 cui
3144 2025 3232 2078 leo
3261 2023 3377 2079 ait:
3433 2026 3543 2080 hoc
3587 2027 3664 2081 ab

682 2107 918 2164 homine
948 2109 1188 2178 pictum
1225 2113 1329 2165 est.
1403 2127 1551 2165 nam
1587 2109 1644 2165 si
1699 2112 1787 2165 leo
1820 2111 2080 2181 pingere
2118 2113 2336 2179 nosset,
2374 2110 2678 2180 pinoeisset
2718 2110 3020 2181 (pinyeret
3058 2111 3193 2178 Ad),
3233 2114 3532 2181 quomodo
3579 2115 3666 2168 leo

682 2199 1035 2267 suffocasset
1072 2197 1390 2254 hominem.
1431 2200 1539 2253 sed
1576 2216 1699 2269 eqo,
1738 2198 1956 2270 inquit,
1998 2201 2154 2255 dabo
2193 2199 2305 2254 tibi
2340 2217 2549 2254 verum
2587 2199 3019 2256 testimonium.
3061 2201 3318 2256 deduaeit
3354 2202 3444 2256 leo
3482 2201 3668 2257 homi-

683 2302 821 2342 nem
859 2288 942 2341 ad
979 2285 1455 2356 amphiteatrum
1495 2291 1549 2342 et
1588 2287 1850 2343 ostendit
1886 2288 1985 2344 illi
2021 2305 2166 2343 vera
2198 2289 2334 2359 fide,
2374 2290 2672 2359 quomodo
2712 2291 2883 2344 homo
2922 2306 2962 2343 a
2999 2291 3163 2345 leone
3218 2291 3576 2359 suffocatur,
3613 2294 3668 2345 et

683 2373 866 2431 dimit.
941 2375 1038 2431 hic
1075 2377 1345 2431 colorum
1384 2375 1735 2433 testimonia
1772 2394 1897 2433 non
1935 2381 2094 2446 sunt,
2133 2380 2241 2432 sed
2277 2394 2433 2447 opus
2470 2377 2722 2432 veritate
2756 2378 3012 2447 factum.
3088 2378 3253 2446 (hinc
3291 2378 3472 2448 dixit,
3522 2382 3666 2435 coto-

683 2480 821 2518 rum
860 2481 983 2520 non
1019 2467 1163 2520 sunt
1202 2481 1356 2535 opus
1394 2465 1760 2535 testimonia,
1798 2469 1902 2521 sed
1940 2465 2192 2521 veritate
2227 2469 2399 2538 facta
2435 2466 2571 2535 Ad).
2611 2468 2757 2521 haec
2791 2468 3011 2538 fabula
3036 2470 3255 2536 probat
3281 2467 3667 2524 mendacium

683 2554 875 2608 colore
912 2552 1310 2623 compositum
1349 2572 1387 2608 a
1426 2553 1676 2610 veritate
1714 2553 1830 2610 cito
1869 2554 2176 2626 superari,
2215 2555 2319 2611 ubi
2357 2558 2443 2611 est
2481 2558 2644 2611 certa
2679 2554 2976 2626 probatio.

1708 2755 1893 2812 Babr
1931 2755 2100 2812 Bodl
2138 2756 2455 2828 Paraphr
2492 2756 2618 2815 194

1534 2869 1733 2921 Ὥδευέ
1770 2885 1911 2923 ποτε
1948 2870 2096 2922 λέων
2135 2871 2238 2923 σὺν
2277 2870 2580 2938 ἀνθρώπῳ,

1541 2959 1776 3022 ἕκαστος
1816 2958 1916 3027 [δέ]
1957 2959 2150 3012 αὐτῶν
2187 2965 2304 3023 τοῖς
2341 2961 2529 3024 λόγοις
2567 2962 2869 3029 ἐκαυχήθη.

685 3049 776 3099 καὶ
815 3047 884 3111 δὴ
925 3048 986 3099 ἐν
1023 3053 1093 3113 τῇ
1134 3047 1250 3114 ὀδῷ
1289 3047 1362 3111 ἦν
1399 3046 1602 3112 ἀνδρὸς
1638 3047 1872 3114 πετρίνη
1914 3049 2094 3115 στήλη
2123 3049 2326 3101 λέοντα
2352 3048 2668 3114 πνίγοντος.
2709 3051 2740 3102 ὀ
2768 3051 2830 3103 δὲ
2856 3050 2999 3116 ἀνὴρ
3036 3050 3329 3113 ὑποδείξας
3364 3056 3446 3118 τῷ
3484 3051 3670 3103 λέοντι

688 3136 826 3201 ἔφη·
871 3137 1036 3203 ᾖόρᾷς
1074 3136 1162 3203 σύ,
1198 3141 1320 3200 πῶς
1359 3139 1526 3201 ἐσμεν
1562 3138 1722 3202 ὑμῶν
1761 3135 2133 3204 κρείττονες;“
2195 3138 2447 3202 κάκεῖνος
2486 3142 2639 3192 εἶπεν
2675 3139 3104 3204 ὑπομειδιάσας·
3148 3140 3228 3208 ᾖεἰ
3265 3140 3490 3204 λέοντες
3526 3142 3668 3208 ᾔδει·

690 3239 797 3276 σαν
836 3225 1088 3292 γλύφειν,

1538 3317 1780 3380 πολλοὺς
1816 3317 1883 3368 ἂν
1922 3317 2131 3382 ἄνδρας
2168 3318 2314 3380 εἶδες
2340 3318 2375 3381 †
2415 3317 2681 3370 ὑποκάτω
2722 3317 2998 3382 λέοντος.“

689 3402 796 3472 [ὅτι
833 3406 1028 3457 πολλοὶ
1067 3403 1391 3470 ἐπαίρονται
1439 3406 1528 3457 καὶ
1576 3409 1893 3470 καυχῶνται
1947 3406 2036 3459 διὰ
2090 3408 2280 3471 λόγων
2342 3406 2588 3472 ἀνδρεῖοι
2643 3409 2731 3460 καὶ
2792 3412 3016 3473 θρασεῖς
3074 3409 3233 3473 εἶναι,
3292 3407 3391 3469 οὓς
3428 3407 3463 3471 ἡ
3503 3413 3667 3474 πεῖρα

684 3494 1107 3557 γυμνασθέντας
1145 3493 1451 3560 ἐξελέγχει]

1354 3796 1457 3863 Dc
1507 3798 1710 3863 leone
1759 3815 1923 3865 sene
1973 3798 2045 3863 et
2096 3798 2306 3881 vulpe
2355 3799 2446 3879 (cf
2492 3819 2668 3883 pagg
2715 3797 3007 3878 25—27)

1927 3937 2184 3994 Ps-Dos
2222 3937 2265 3996 6
2306 3936 2418 4010 (11)

688 4050 846 4103 Λέων
921 4052 1060 4120 λιμῷ
1119 4052 1361 4105 ἐκλιπὼν
1418 4060 1607 4106 νοσεῖν
1664 4055 1868 4107 ἑαυτὸν
1922 4067 2124 4120 προσε·
2232 4052 2351 4107 Leo
2387 4052 2557 4121 fame
2594 4049 2874 4120 deficiens
2911 4052 3201 4120 lanquere
3235 4065 3297 4104 se
3323 4048 3669 4116 simulabat,

688 4147 923 4206 ποιεῖτο,
962 4143 1051 4193 καὶ
1089 4142 1179 4195 διὰ
1216 4142 1431 4207 ταύτης
1466 4147 1569 4209 τῆς
1606 4143 1822 4208 πλάνης
1858 4142 1928 4194 τὰ
1956 4142 2124 4194 λοιπὰ
2232 4145 2286 4195 et
2316 4144 2578 4210 propter
2618 4156 2748 4194 eam
2783 4138 3108 4211 fallaciam
3163 4142 3391 4194 ceterae
3447 4138 3668 4194 bestiae

687 4228 854 4295 θηρία
944 4230 1428 4298 ἐπισκε<ψ>όμενα
1491 4233 1837 4298 εἰσήρχοντο,
1939 4230 2038 4299 <ἃ>
2090 4232 2122 4283 ό
2231 4228 2616 4299 <visitatum>
2656 4229 3006 4296 introibant,
3028 4228 3256 4300 qu<a>s
3277 4230 3362 4283 leo
3383 4227 3672 4284 continuo

687 4319 833 4372 λέων
896 4321 1104 4383 εὐθέως
1169 4321 1436 4374 ἐδαπάνα.
1512 4322 1743 4387 ἀλώπηξ
1793 4322 1853 4373 δὲ
1916 4321 2124 4373 ἔξωθεν
2232 4320 2628 4373 consumebat.
2701 4318 2909 4386 vulpis
2959 4321 3161 4372 autem
3199 4321 3375 4373 extra
3430 4320 3671 4387 spelun-

685 4414 789 4462 τοὺ
829 4409 1107 4474 σπηλαίου
1160 4410 1369 4475 ἐστάθη
1429 4413 1517 4463 καὶ
1573 4410 1871 4476 ἠσπάσατο
1929 4409 2127 4461 αὑτόν·
2192 4424 2217 4461 5
2239 4424 2372 4462 cam
2410 4406 2571 4462 stetit
2608 4409 2662 4462 et
2714 4406 3008 4462 salutavit
3064 4423 3215 4460 eum.
3292 4406 3671 4484 interroyata

686 4501 1108 4565 ἐπερωτηθεῖσα
1136 4500 1197 4552 δὲ
1223 4499 1317 4553 ὑπ’
1347 4501 1539 4566 αὐτοῦ,
1579 4500 1670 4552 διὰ
1707 4499 1761 4553 τί
1798 4499 1902 4552 οὐκ
1940 4498 2123 4563 εἰσήρ-
2234 4513 2376 4567 erqo
2405 4498 2479 4551 ab
2506 4513 2589 4562 eo,
2629 4512 2821 4567 quare
2846 4512 2969 4551 non
3005 4495 3283 4561 intraret,
3322 4495 3670 4564 respondit:

688 4604 816 4653 χετο
881 4588 1149 4656 ἀπεκρίθη
1174 4603 1186 4615 ·
1263 4590 1454 4654 ἐπειδὴ
1530 4591 1648 4656 ὁρῶ
1711 4588 2121 4654 εἰσερχομένων
2234 4586 2527 4657 quoniam
2563 4585 2735 4641 video
2773 4583 3145 4641 intrantium
3202 4583 3475 4655 vestiyia,
3536 4601 3668 4640 eaee-

686 4677 831 4745 ῖχνη,
892 4677 1266 4744 ἐξερχομένων
1329 4679 1390 4731 δὲ
1446 4680 1531 4732 οὔ.
1609 4679 1794 4741 οὕτως
1847 4681 2018 4730 τινῶν
2071 4677 2125 4729 οἱ
2233 4674 2477 4729 untium
2520 4678 2721 4730 autem
2764 4691 2885 4729 non
2982 4672 3070 4728 sic
3118 4672 3472 4743 aliquorum
3503 4672 3671 4743 peri-

688 4766 934 4819 κίνδυνοι
971 4768 1166 4833 διδαχὴ
1206 4768 1340 4833 ἡμῖν
1377 4770 1520 4821 εἶναι
1575 4766 1738 4834 ὀφείλ
1766 4764 1992 4836 <ουσιν>
2020 4769 2125 4832 τῆς
2234 4766 2373 4819 cula
2412 4762 2696 4819 doctrina
2733 4762 2907 4818 nobis
2945 4778 3069 4817 esse
3108 4761 3389 4832 debe<n>t
3428 4766 3669 4817 nostrae

689 4856 962 4921 ἡμετέρας
1000 4855 1296 4922 σωτηρίας.
2169 4868 2219 4908 ιο
2239 4851 2475 4907 salutis.

687 4957 722 5011 3
751 4958 1193 5024 ἐπισκεπτόμὲνα
1230 4956 1547 5014 visitantes
1583 4959 1633 5011 L
1670 4956 1985 5012 visitatum
2023 4957 2442 5022 ἐπισκεψόμενα
2475 4955 2523 5008 Ρ
2549 4955 2571 5022 ΙΙ
2598 4955 2697 5019 οὓς
2734 4970 2886 5024 quos
2913 4970 3035 5025 pro
3074 4955 3109 5008 ἃ
3147 4971 3303 5025 quas
3339 4954 3389 5007 L
3428 4969 3583 5024 quas
3608 4954 3673 5017 ἃς

690 5062 799 5115 pro
840 5048 875 5100 ἃ
900 5047 947 5099 Ρ
973 5048 995 5114 ΙΙ
1021 5048 1054 5101 5
1093 5050 1182 5100 καὶ
1221 5047 1517 5113 ἠσπάσατο
1558 5050 1729 5102 αὐτὸν
1771 5053 1830 5102 et
1869 5048 2158 5102 salutavit
2198 5062 2335 5100 eum
2376 5046 2525 5100 omis
2562 5045 2609 5098 P
2636 5045 2716 5113 117
2756 5042 3234 5114 inqredientium
3274 5043 3565 5097 εἰσιόντων
3602 5043 3674 5095 τὰ

687 5136 813 5202 ἴχνη
858 5136 900 5189 Ρ
924 5137 948 5200 ΙΙ
974 5137 1006 5189 7
1033 5152 1099 5204 sq
1141 5134 1500 5190 exeuntium
1538 5152 1676 5192 vero
1714 5153 1838 5191 non
1877 5134 2048 5190 video
2087 5136 2353 5191 ἐξιόντων
2392 5136 2455 5188 δὲ
2491 5135 2559 5187 οὐ
2600 5134 2787 5199 βλέπω
2814 5134 2862 5187 Ρ
2889 5134 2970 5202 119
3009 5133 3221 5200 ὀφείλει
3259 5132 3309 5185 L
3346 5131 3673 5199 ὀφείλουσιν

690 5224 735 5276 Ρ
776 5223 1052 5289 (melius).
1086 5283 1093 5289 ἡ
