4234 6017
2222 444 2569 500 ...23-

909 624 1182 689 hominis
1227 647 1268 689 a
1313 624 1519 689 leone.
1614 622 1904 689 ducimur
1968 645 2125 708 ergo
2173 647 2213 688 a
2261 625 2688 691 l‘s-Dositheo
2755 624 2936 707 quasi
2984 623 3050 689 in
3100 625 3358 691 circulo.
3453 627 3659 691 altera
3705 636 3887 711 parte

907 730 1380 796 demonstratur
1429 731 1646 797 leones
1692 730 2055 804 hominibus
2100 732 2462 816 superiores
2518 752 2677 815 esse,
2744 733 2951 797 altera
2996 739 3210 799 autem
3260 733 3547 800 homines
3593 733 3885 801 leonibus

907 845 972 902 et
1017 836 1085 902 id
1131 837 1194 901 in
1243 836 1468 903 eadem
1516 837 1775 903 fabella.

1124 946 1417 1029 Apparet
1463 943 1580 1010 has
1627 944 1790 1010 duas
1836 952 2056 1031 partes
2095 966 2369 1031 ‚prorsus
2438 947 2560 1012 sibi
2626 947 2956 1014 obstantes
3020 931 3147 1013 una
3211 946 3544 1013 historiola
3608 949 3888 1015 inclusas

909 1071 1049 1117 esse
1096 1072 1221 1116 non
1269 1070 1477 1136 posse.
1569 1045 1685 1116 sed
1732 1071 1837 1117 res
1881 1053 1975 1118 sic
2023 1073 2093 1118 se
2140 1053 2379 1119 habere
2425 1051 2701 1119 videtur.
2794 1056 3173 1121 exstiterunt
3241 1055 3392 1120 illae
3438 1054 3729 1139 primitus
3776 1076 3889 1140 per

906 1178 977 1222 se
1023 1158 1397 1242 separatim,
1446 1165 1657 1222 tamen
1708 1159 1823 1241 ita,
1886 1165 1959 1223 ut
2005 1160 2352 1243 originaria
2398 1160 2877 1227 narratiuncula
2922 1162 3057 1228 solo
3105 1162 3333 1246 prioris
3397 1162 3599 1245 partis
3645 1163 3887 1228 anibitu

908 1265 1356 1346 contineretur,
1406 1263 1914 1330 additamentum
1963 1271 2179 1331 autem
2227 1266 2604 1332 variationis
2635 1267 2843 1333 locum
2878 1269 3196 1333 obtineret
3227 1268 3567 1334 manifesto
3599 1267 3684 1333 ad
3718 1268 3887 1335 illius

906 1372 1233 1456 exemplar
1279 1373 1542 1455 eiusque
1589 1377 1762 1438 certe
1809 1372 1982 1458 apud
2027 1373 2374 1439 Romanos.
2421 1373 2701 1454 fietae1).
2796 1373 3095 1440 attendas
3142 1375 3345 1440 enim:
3458 1389 3462 1398 ·

1119 1479 1193 1543 In
1239 1485 1510 1562 utraque
1580 1485 1763 1564 parte
1831 1481 2289 1546 sententiarum
2360 1471 2458 1545 vis¹
2527 1486 2592 1545 et
2660 1480 2817 1547 ordo
2886 1481 3077 1566 plane
3145 1481 3268 1547 sibi
3315 1479 3677 1565 respondet.
3766 1478 3889 1563 pri·

906 1606 1074 1651 mum
1141 1592 1207 1662 et
1252 1586 1320 1650 in
1377 1586 1587 1670 priore
1635 1593 1818 1669 parte
1882 1592 1947 1651 et
2009 1587 2073 1651 in
2139 1586 2579 1652 additamento
2642 1586 2953 1653 eiusmodi
3017 1592 3395 1670 argumenta
3459 1584 3886 1671 proferuntur,

907 1693 1138 1774 quibus
1221 1692 1558 1757 altercatio
1639 1692 1781 1776 ipsa
1863 1692 1947 1756 ad
2037 1693 2234 1759 finem
2304 1692 2578 1778 ,perduci
2649 1714 2773 1758 non
2861 1695 3093 1779 possit:
3219 1693 3407 1759 homo
3501 1691 3886 1757 monumenti
3945 1771 3954 1780 .

905 1799 1236 1883 sculptura
1282 1799 1456 1864 nisus
1506 1798 1791 1863 homines
1856 1799 2145 1865 leonibus
2214 1800 2576 1884 superiores
2646 1819 2788 1866 esse
2837 1799 2995 1865 dicit
3011 1804 3080 1877 2).
3185 1801 3285 1865 leo
3354 1805 3568 1865 autem
3617 1798 3885 1880 vinctos,

911 1905 1019 1987 qui
1067 1905 1132 1969 in
1180 1904 1654 1990 amphitheatro
1703 1905 1993 1971 leonibus
2040 1906 2125 1971 ad
2173 1906 2585 1971 lacerandum
2635 1906 3050 1991 proiciuntur,
3121 1906 3422 1988 ostendit,
3491 1913 3559 1970 ut
3604 1903 3755 1969 inde
3800 1941 3887 1951 —

905 2010 1283 2076 incredibile
1329 2019 1426 2077 est
1475 2010 1652 2077 dictu
1698 2049 1785 2058 —
1833 2011 2302 2079 demonstretur
2350 2013 2565 2080 leones
2634 2013 2830 2079 facile
2898 2013 3186 2079 homines
3256 2015 3534 2079 vincere.
3611 2010 3888 2077 hominis

903 2137 1060 2201 ergo
1130 2117 1619 2200 argumentandi
1700 2119 1865 2184 ratio
1939 2120 2189 2184 ratione
2254 2140 2378 2184 non
2447 2126 2643 2201 caret,
2716 2120 2919 2186 leonis
2988 2126 3200 2185 autem
3273 2120 3463 2205 plane
3531 2139 3699 2184 vana
3767 2138 3887 2182 nec

903 2245 1029 2288 non
1100 2224 1477 2290 stultissima
1543 2231 1660 2291 est.
1765 2224 2001 2291 deinde
2070 2226 2235 2290 alter
2300 2226 2563 2292 alterius
2628 2233 3070 2310 argumentum
3141 2226 3366 2291 eadem
3431 2226 3570 2291 fere
3640 2226 3887 2290 ratione

908 2331 1179 2396 refellit:
1235 2334 1290 2396 1.
1343 2332 1397 2397 εἰ
1444 2333 1517 2396 δὲ
1561 2335 1665 2396 καὶ
1714 2333 1879 2398 λέων
1926 2332 2304 2414 ἑζωγράφει,
2364 2332 2666 2413 ἑωράκεις
2715 2334 2796 2398 ἂν
2842 2337 2983 2412 πῶς
3034 2335 3200 2399 λέων
3247 2333 3504 2410 ἔπνιγεν
3536 2330 3883 2411 ἄνθρωπον

902 2440 964 2502 si
1011 2447 1235 2504 autem
1283 2440 1567 2523 (quodsi)
1615 2441 1717 2504 leo
1761 2441 2088 2526 pinyeret,
2138 2441 2437 2521 vidis-sea,
2486 2442 2811 2524 quomodo
2860 2441 2962 2505 leo
3009 2441 3370 2526 suffocaret
3415 2440 3764 2505 hominem.
3801 2474 3886 2483 -—-

903 2546 964 2609 2.
1015 2545 1394 2624 ἐνενικήκεις
1451 2545 1555 2628 ἂν,
1616 2547 1669 2610 εἰ
1716 2549 1796 2625 μὴ
1846 2548 2239 2626 δεδεσμένον
2286 2567 2390 2627 μοι
2436 2548 2553 2612 τὸν
2599 2546 2946 2626 ἄνθρωπον
2994 2548 3311 2625 ἑδείκνυες
3360 2545 3545 2627 (ἄνθρ
3616 2544 3888 2622 ἔδειξας)

904 2653 1164 2717 viceras
1207 2655 1268 2716 si
1314 2674 1447 2718 non
1494 2652 1854 2739 alliqatum
1899 2653 2064 2717 mihi
2110 2653 2439 2718 hominem
2487 2654 2866 2719 ostenderes
2914 2652 3677 2733 (vicisseaostendisses).

1117 2759 1346 2825 Nonne
1395 2778 1548 2842 ergo
1597 2758 1940 2824 verisimile
1989 2766 2087 2824 est
2136 2753 2541 2824 Ps·Dosithei
2588 2780 2782 2824 unam
2830 2760 3135 2825 fabellam
3184 2779 3219 2823 e
3267 2757 3582 2839 duabusss)
3632 2756 3887 2842 conglu-

910 2864 1179 2929 tinatam
1227 2884 1387 2929 esse.
1478 2873 1725 2950 postea,
1797 2862 1966 2946 quod
2037 2865 2220 2946 quasi
2281 2865 2513 2929 lacuna
2572 2866 2637 2929 in
2695 2863 2911 2930 media
2957 2864 3200 2930 fabella
3246 2866 3456 2930 inesse
3526 2863 3887 2946 videbatur,
3963 2923 3964 2940 ἶ

908 2971 1070 3036 haec
1119 2970 1349 3035 verba:
1400 2969 1567 3036 ἀλλὰ
1615 2972 1716 3035 καὶ
1764 2971 1909 3051 ἐγὼ,
1960 2970 2085 3050 ἔφη
2138 2972 2415 3052 (φησίν),
2466 2971 2662 3035 δώσω
2712 2986 2818 3035 σοι
2866 2971 3174 3050 ἀληθινὴν
3230 2973 3578 3050 μαρτυρίαν
3627 2970 3888 3049 (ἀληθὲς

909 3077 1282 3157 μαρτύριον)
1330 3078 1448 3143 sed
1502 3081 1589 3157 (et
1648 3076 1901 3142 addidit
1950 3078 2081 3160 Frg
2128 3077 2207 3157 P)
2280 3079 2451 3143 dabo
2500 3079 2620 3142 tibi
2665 3099 2896 3143 verum
2945 3079 3391 3143 testimonium
3438 3076 3676 3142 inserta
3723 3083 3887 3142 sunt.

1121 3183 1263 3261 Qua
1311 3183 1560 3248 ratione
1606 3185 1732 3248 iam
1784 3183 1906 3248 hoc
1953 3183 2463 3249 additamentum
2531 3184 2593 3248 in
2643 3184 2914 3249 Romulo
2986 3190 3325 3249 tractatum
3396 3182 3541 3250 est‘?
3632 3184 3885 3249 Romuli

903 3290 1111 3374 prima
1158 3309 1308 3375 pars
1356 3288 1643 3374 proxime
1689 3289 1770 3355 ad
1841 3291 2216 3374 magistrum
2283 3289 2561 3356 accedit.
2651 3290 2855 3356 altera
2925 3297 3159 3367 autem,
3232 3290 3403 3373 quod
3474 3289 3729 3373 quidem
3800 3289 3885 3355 ad
3975 3366 3977 3368 ,

902 3395 1182 3461 fabellae
1246 3415 1503 3462 sensum
1550 3395 1820 3479 adtinet,
1891 3397 2085 3462 valde
2133 3418 2173 3461 a
2221 3398 2305 3462 Ps
2331 3396 2643 3463 Dositheo
2690 3396 3011 3463 abhorret.
3106 3417 3490 3480 quamquam
3555 3398 3748 3461 etiam
3820 3397 3883 3461 in

903 3502 1175 3568 Romulo
1221 3504 1388 3568 inter
1447 3503 1714 3588 primam
1787 3511 2034 3588 partem
2083 3510 2149 3569 et
2215 3503 2725 3569 additamentum
2792 3503 3020 3569 eadem
3090 3503 3406 3568 sententia
3474 3502 3676 3567 isdem
3742 3524 3884 3567 cum

904 3612 1115 3676 verbis
1180 3619 1374 3693 atque
1448 3611 1514 3675 in
1570 3610 1997 3678 Ps·Dositheo
2063 3612 2444 3695 interposita
2491 3616 2608 3690 est,
2676 3617 2888 3675 tamen
2962 3609 3066 3674 hic
3136 3597 3358 3673 auctor
3426 3608 3583 3673 illud
3653 3631 3885 3673 verum
3983 3626 3984 3657 l

907 3737 1028 3780 non
1102 3716 1300 3782 solum
1373 3724 1442 3782 ut
1524 3739 1559 3783 e
1618 3726 1845 3782 natura
1922 3724 2178 3803 captum
2251 3718 2417 3782 sicut
2487 3717 2972 3798 Ps·Dositbeus‚
3043 3715 3157 3781 sed
3224 3716 3420 3781 etiam
3492 3721 3561 3779 ut
3627 3716 3883 3781 veritati

907 3822 1298 3909 respondens
1344 3825 1802 3910 interpretatus
1850 3832 1967 3890 est.
2063 3825 2253 3889 bomo
2325 3824 2492 3889 enim
2543 3825 2606 3889 in
2656 3824 2909 3889 Romuli
2981 3823 3201 3891 formis
3250 3822 3523 3888 vinculis
3569 3822 3811 3887 solutus
3831 3825 3885 3903 4)

905 3951 1029 3995 non
1073 3932 1371 3997 astrictus
1417 3938 1488 3997 ut
1533 3931 1704 4017 apud
1741 3931 2232 3997 Ps·Dositbeum
2267 3953 2308 3996 a
2340 3932 2523 3996 leone
2569 3930 2949 3996 suffocatur.
3023 3937 3121 3996 est
3168 3950 3323 4013 ergo
3355 3929 3609 3995 Romuli
3663 3928 3886 3994 fabula

1119 4235 1170 4298 1)
1208 4233 1341 4289 Hoc
1382 4250 1518 4289 cum
1562 4234 1639 4289 ob
1678 4234 1740 4288 id
1790 4238 2039 4300 constat,
2100 4233 2265 4303 quod
2304 4233 2783 4287 additamentum
2821 4234 2966 4286 illud
3022 4232 3188 4301 apud
3226 4230 3495 4287 Graecos
3534 4236 3594 4285 et
3633 4246 3737 4284 eos
3775 4230 3886 4283 Ro·

905 4339 1131 4392 manos,
1188 4325 1292 4393 qui
1330 4324 1509 4393 plane
1549 4324 1628 4377 ad
1668 4323 1797 4377 illos
1841 4323 2100 4377 redeunt
2146 4323 2306 4377 sicut
2344 4321 2511 4391 apud
2547 4320 2851 4376 Avianum
2891 4323 3116 4376 frustra
3172 4322 3464 4390 requira8‚
3520 4324 3662 4386 tum,
3722 4318 3886 4388 quod

902 4413 1492 4482 amphitheatralium
1533 4412 2017 4482 spectaculorum
2056 4427 2205 4466 usus
2244 4412 2518 4482 primitus
2559 4427 2595 4464 a
2632 4411 2919 4465 Romanis
2960 4412 3268 4480 profectus
3314 4416 3421 4476 est,
3480 4425 3639 4478 quae
3686 4409 3886 4463 obser·

903 4488 1068 4555 vatio
1114 4503 1230 4555 iam
1273 4518 1309 4555 a
1349 4500 1560 4557 Crusio
1601 4503 1764 4555 facta
1805 4506 1896 4556 est
1934 4501 2032 4566 (de
2071 4498 2235 4554 Babr
2274 4506 2374 4554 aet
2413 4515 2537 4570 pag·
2578 4501 2719 4563 188).

948 4627 953 4632 -
1118 4592 1173 4657 2)
1212 4591 1392 4644 Hunc
1430 4607 1550 4644 non
1594 4592 1922 4660 quemlibet
1967 4595 2339 4656 venatorem,
2400 4589 2505 4643 sed
2552 4588 2873 4643 Herculem
2916 4604 3047 4642 esse
3101 4587 3344 4643 Crusius
3407 4590 3574 4641 recte
3629 4586 3886 4641 coniecit

904 4681 1051 4749 (pag
1094 4680 1258 4756 187),
1287 4680 1345 4732 cf
1384 4682 1677 4750 picturam
1718 4678 2023 4733 Ademaro
2066 4680 2336 4733 additam
2377 4678 2489 4745 (Th
2531 4694 2656 4748 pag
2694 4678 2764 4731 58
2803 4684 2861 4731 et
2900 4678 2958 4730 in
3001 4678 3103 4730 tab
3140 4676 3318 4740 XVI).

1114 4768 1170 4832 3)
1212 4767 1589 4823 Secundaria
1626 4770 1900 4822 recensio
1943 4768 2235 4822 eiusmodi
2275 4769 2461 4821 fuisse
2511 4767 2654 4820 mihi
2693 4767 2958 4820 videtur:
3021 4766 3195 4820 homo
3251 4766 3311 4818 'et
3368 4767 3474 4830 lea,
3530 4780 3669 4819 cum
3725 4762 3886 4818 inter

900 4870 963 4910 se
1001 4859 1315 4925 certarent,
1355 4861 1490 4912 uter
1527 4856 1815 4926 superior
1852 4859 2021 4923 esset,
2062 4855 2581 4925 amphitheatrum
2616 4855 2778 4925 forte
2807 4852 3244 4923 praeteribant.
3319 4856 3447 4907 tum
3487 4854 3600 4907 leo:
3662 4850 3882 4918 „vide“,

902 4942 1124 5015 inquit,
1167 4945 1504 5016 „hominem
1541 4946 1728 5001 istu-m
1767 4966 1806 5002 a
1844 4948 2010 5001 leone
2047 4948 2429 5014 suffocatum.
2505 4960 2708 4999 nonne
2764 4947 2871 4999 hoc
2910 4941 3254 4998 testimonio
3292 4931 3750 4997 demonstratur
3787 4942 3883 4995 ho-

901 5032 1097 5089 mines
1134 5051 1173 5088 a
1212 5033 1387 5090 nobis
1442 5035 1804 5105 superariss
1871 5035 1970 5091 cui
2025 5033 2349 5103 respondit
2405 5036 2611 5089 homo:
2689 5032 2878 5103 „nihil
2933 5030 3424 5101 contradicerem,
3479 5029 3536 5086 si
3591 5030 3704 5085 iste
3757 5046 3883 5084 non

902 5121 1143 5178 vinctus
1180 5125 1377 5179 esset.“

1113 5212 1171 5282 4)
1211 5213 1387 5277 Quod
1424 5216 1639 5268 iterum
1680 5215 2074 5268 confirmatur
2111 5213 2400 5268 Ademari
2440 5214 2678 5282 pictura
2715 5211 2825 5280 (Th
2868 5213 2972 5265 tab
3010 5210 3187 5276 XVI).
