<?xml version="1.0" encoding="UTF-8"?>
<!DOCTYPE html PUBLIC "-//W3C//DTD XHTML 1.0 Transitional//EN"
    "http://www.w3.org/TR/xhtml1/DTD/xhtml1-transitional.dtd">
<html xmlns="http://www.w3.org/1999/xhtml" xml:lang="en" lang="en">
 <head>
  <title>
</title>
<meta http-equiv="Content-Type" content="text/html;charset=utf-8" />
  <meta name='ocr-system' content='tesseract 3.04.00' />
  <meta name='ocr-capabilities' content='ocr_page ocr_carea ocr_par ocr_line ocrx_word'/>
</head>
<body>
  <div class='ocr_page' id='page_1' title='image "./quaestionesbabr00getzgoog_0047.png"; bbox 0 0 4234 6017; ppageno 0'>
   <div class='ocr_carea' id='block_1_1' title="bbox 896 605 3969 2926">
    <p class='ocr_par' dir='ltr' id='par_1_1' title="bbox 896 605 3945 1419">
     <span class='ocr_line' id='line_1_1' title="bbox 1104 605 3887 688; baseline -0.001 -16"><span class='ocrx_word' id='word_1_1' title='bbox 1104 607 1378 672; x_wconf 88' lang='lat' dir='ltr'><strong>Babrius</strong></span> <span class='ocrx_word' id='word_1_2' title='bbox 1424 613 1659 688; x_wconf 85' lang='lat' dir='ltr'><strong>autem,</strong></span> <span class='ocrx_word' id='word_1_3' title='bbox 1721 627 1911 688; x_wconf 88' lang='lat' dir='ltr'><strong>quem</strong></span> <span class='ocrx_word' id='word_1_4' title='bbox 1958 608 2023 671; x_wconf 88' lang='lat' dir='ltr'><strong>in</strong></span> <span class='ocrx_word' id='word_1_5' title='bbox 2073 607 2266 671; x_wconf 87' lang='lat' dir='ltr'><strong>tertia</strong></span> <span class='ocrx_word' id='word_1_6' title='bbox 2315 606 2521 671; x_wconf 84' lang='lat' dir='ltr'><strong>classe</strong></span> <span class='ocrx_word' id='word_1_7' title='bbox 2571 605 2797 687; x_wconf 87' lang='lat' dir='ltr'><strong>habeo,</strong></span> <span class='ocrx_word' id='word_1_8' title='bbox 2857 626 2980 671; x_wconf 89' lang='lat' dir='ltr'><strong>non</strong></span> <span class='ocrx_word' id='word_1_9' title='bbox 3047 605 3169 670; x_wconf 89' lang='lat' dir='ltr'><strong>nisi</strong></span> <span class='ocrx_word' id='word_1_10' title='bbox 3219 612 3570 670; x_wconf 89' lang='lat' dir='ltr'><strong>ceterorum</strong></span> <span class='ocrx_word' id='word_1_11' title='bbox 3620 605 3887 670; x_wconf 86' lang='lat' dir='ltr'><strong>virtutes</strong></span> 
     </span>
     <span class='ocr_line' id='line_1_2' title="bbox 896 696 3886 797; baseline -0.001 -19"><span class='ocrx_word' id='word_1_12' title='bbox 896 715 1056 779; x_wconf 87' lang='lat' dir='ltr'><strong>mira</strong></span> <span class='ocrx_word' id='word_1_13' title='bbox 1104 713 1381 796; x_wconf 85' lang='lat' dir='ltr'><strong>quadam</strong></span> <span class='ocrx_word' id='word_1_14' title='bbox 1430 713 1854 797; x_wconf 87' lang='lat' dir='ltr'><strong>componendi</strong></span> <span class='ocrx_word' id='word_1_15' title='bbox 1903 714 2189 779; x_wconf 89' lang='lat' dir='ltr'><strong>sollertia</strong></span> <span class='ocrx_word' id='word_1_16' title='bbox 2232 714 2497 796; x_wconf 91' lang='lat' dir='ltr'><strong>recepit.</strong></span> <span class='ocrx_word' id='word_1_17' title='bbox 2590 733 2709 777; x_wconf 90' lang='lat' dir='ltr'><strong>nec</strong></span> <span class='ocrx_word' id='word_1_18' title='bbox 2759 712 3024 777; x_wconf 89' lang='lat' dir='ltr'><strong>enimin</strong></span> <span class='ocrx_word' id='word_1_19' title='bbox 3059 713 3194 778; x_wconf 90' lang='lat' dir='ltr'><strong>eius</strong></span> <span class='ocrx_word' id='word_1_20' title='bbox 3243 696 3599 777; x_wconf 81' lang='lat' dir='ltr'><strong>variatione</strong></span> <span class='ocrx_word' id='word_1_21' title='bbox 3647 712 3886 776; x_wconf 88' lang='lat' dir='ltr'><strong>frustra</strong></span> 
     </span>
     <span class='ocr_line' id='line_1_3' title="bbox 898 817 3939 903; baseline -0.003 -18"><span class='ocrx_word' id='word_1_22' title='bbox 898 821 1186 903; x_wconf 82' lang='lat' dir='ltr'><strong>requiras</strong></span> <span class='ocrx_word' id='word_1_23' title='bbox 1257 826 1368 885; x_wconf 92' lang='lat' dir='ltr'><strong>aut</strong></span> <span class='ocrx_word' id='word_1_24' title='bbox 1435 840 1743 885; x_wconf 86' lang='lat' dir='ltr'><strong>summam</strong></span> <span class='ocrx_word' id='word_1_25' title='bbox 1811 826 2078 885; x_wconf 87' lang='lat' dir='ltr'><strong>naturae</strong></span> <span class='ocrx_word' id='word_1_26' title='bbox 2148 838 2357 884; x_wconf 88' lang='lat' dir='ltr'><strong>rerum</strong></span> <span class='ocrx_word' id='word_1_27' title='bbox 2426 820 2762 883; x_wconf 88' lang='lat' dir='ltr'><strong>veritatem</strong></span> <span class='ocrx_word' id='word_1_28' title='bbox 2823 825 2935 884; x_wconf 85' lang='lat' dir='ltr'><strong>aut</strong></span> <span class='ocrx_word' id='word_1_29' title='bbox 2983 839 3182 883; x_wconf 85' lang='lat' dir='ltr'><strong>cenae</strong></span> <span class='ocrx_word' id='word_1_30' title='bbox 3240 819 3413 884; x_wconf 87' lang='lat' dir='ltr'><strong>illam</strong></span> <span class='ocrx_word' id='word_1_31' title='bbox 3471 817 3888 902; x_wconf 88' lang='lat' dir='ltr'><strong>supellectilis</strong></span> <span class='ocrx_word' id='word_1_32' title='bbox 3936 872 3939 875; x_wconf 81' lang='grc'>,</span> 
     </span>
     <span class='ocr_line' id='line_1_4' title="bbox 901 925 3898 1011; baseline 0 -19"><span class='ocrx_word' id='word_1_33' title='bbox 901 926 1147 992; x_wconf 88' lang='lat' dir='ltr'><strong>ruinam</strong></span> <span class='ocrx_word' id='word_1_34' title='bbox 1197 927 1411 992; x_wconf 88' lang='lat' dir='ltr'><strong>facete</strong></span> <span class='ocrx_word' id='word_1_35' title='bbox 1445 926 1789 1011; x_wconf 82' lang='lat' dir='ltr'><strong>depictam.</strong></span> <span class='ocrx_word' id='word_1_36' title='bbox 1887 926 2008 991; x_wconf 91' lang='lat' dir='ltr'><strong>hoc</strong></span> <span class='ocrx_word' id='word_1_37' title='bbox 2042 933 2238 1011; x_wconf 91' lang='lat' dir='ltr'><strong>poeta</strong></span> <span class='ocrx_word' id='word_1_38' title='bbox 2272 946 2346 991; x_wconf 91' lang='lat' dir='ltr'><strong>eo</strong></span> <span class='ocrx_word' id='word_1_39' title='bbox 2379 926 2676 1010; x_wconf 83' lang='lat' dir='ltr'><strong>perfecit,</strong></span> <span class='ocrx_word' id='word_1_40' title='bbox 2726 925 2894 1007; x_wconf 86' lang='lat' dir='ltr'><strong>quod</strong></span> <span class='ocrx_word' id='word_1_41' title='bbox 2952 927 3198 990; x_wconf 84' lang='lat' dir='ltr'><strong>asinum</strong></span> <span class='ocrx_word' id='word_1_42' title='bbox 3254 945 3373 990; x_wconf 89' lang='lat' dir='ltr'><strong>nec</strong></span> <span class='ocrx_word' id='word_1_43' title='bbox 3411 946 3538 990; x_wconf 91' lang='lat' dir='ltr'><strong>non</strong></span> <span class='ocrx_word' id='word_1_44' title='bbox 3588 925 3898 992; x_wconf 78' lang='lat' dir='ltr'><strong>catellum</strong></span> 
     </span>
     <span class='ocr_line' id='line_1_5' title="bbox 897 1032 3887 1118; baseline -0.002 -18"><span class='ocrx_word' id='word_1_45' title='bbox 897 1034 1205 1118; x_wconf 87' lang='lat' dir='ltr'><strong>simplicis</strong></span> <span class='ocrx_word' id='word_1_46' title='bbox 1252 1033 1577 1116; x_wconf 82' lang='lat' dir='ltr'><strong>agricolae</strong></span> <span class='ocrx_word' id='word_1_47' title='bbox 1622 1033 1806 1117; x_wconf 83' lang='lat' dir='ltr'><strong>gregi</strong></span> <span class='ocrx_word' id='word_1_48' title='bbox 1873 1033 2187 1100; x_wconf 85' lang='lat' dir='ltr'><strong>attribuit.</strong></span> <span class='ocrx_word' id='word_1_49' title='bbox 2283 1034 2388 1116; x_wconf 91' lang='lat' dir='ltr'><strong>qui</strong></span> <span class='ocrx_word' id='word_1_50' title='bbox 2436 1034 2814 1097; x_wconf 86' lang='lat' dir='ltr'><strong>rusticorum</strong></span> <span class='ocrx_word' id='word_1_51' title='bbox 2861 1052 3034 1097; x_wconf 87' lang='lat' dir='ltr'><strong>more</strong></span> <span class='ocrx_word' id='word_1_52' title='bbox 3083 1053 3207 1098; x_wconf 90' lang='lat' dir='ltr'><strong>non</strong></span> <span class='ocrx_word' id='word_1_53' title='bbox 3255 1033 3370 1097; x_wconf 91' lang='lat' dir='ltr'><strong>sub</strong></span> <span class='ocrx_word' id='word_1_54' title='bbox 3417 1038 3611 1112; x_wconf 88' lang='lat' dir='ltr'><strong>tect0‚</strong></span> <span class='ocrx_word' id='word_1_55' title='bbox 3661 1032 3776 1096; x_wconf 89' lang='lat' dir='ltr'><strong>sed</strong></span> <span class='ocrx_word' id='word_1_56' title='bbox 3823 1032 3887 1095; x_wconf 93' lang='lat' dir='ltr'><strong>in</strong></span> 
     </span>
     <span class='ocr_line' id='line_1_6' title="bbox 896 1138 3943 1225; baseline -0.001 -21"><span class='ocrx_word' id='word_1_57' title='bbox 896 1140 1109 1206; x_wconf 82' lang='lat' dir='ltr'><strong>media</strong></span> <span class='ocrx_word' id='word_1_58' title='bbox 1156 1141 1416 1205; x_wconf 90' lang='lat' dir='ltr'><strong>villulae</strong></span> <span class='ocrx_word' id='word_1_59' title='bbox 1463 1141 1612 1204; x_wconf 87' lang='lat' dir='ltr'><strong>aula</strong></span> <span class='ocrx_word' id='word_1_60' title='bbox 1659 1160 1786 1204; x_wconf 88' lang='lat' dir='ltr'><strong>una</strong></span> <span class='ocrx_word' id='word_1_61' title='bbox 1843 1161 1985 1205; x_wconf 92' lang='lat' dir='ltr'><strong>cum</strong></span> <span class='ocrx_word' id='word_1_62' title='bbox 2045 1141 2275 1206; x_wconf 89' lang='lat' dir='ltr'><strong>catello</strong></span> <span class='ocrx_word' id='word_1_63' title='bbox 2333 1161 2448 1206; x_wconf 90' lang='lat' dir='ltr'><strong>suo</strong></span> <span class='ocrx_word' id='word_1_64' title='bbox 2520 1141 2766 1225; x_wconf 88' lang='lat' dir='ltr'><strong>epulari</strong></span> <span class='ocrx_word' id='word_1_65' title='bbox 2823 1139 3027 1205; x_wconf 80' lang='lat' dir='ltr'><strong>solet.&#39;</strong></span> <span class='ocrx_word' id='word_1_66' title='bbox 3100 1139 3337 1204; x_wconf 86' lang='lat' dir='ltr'><strong>ibidem</strong></span> <span class='ocrx_word' id='word_1_67' title='bbox 3406 1140 3597 1204; x_wconf 84' lang='lat' dir='ltr'><strong>etiam</strong></span> <span class='ocrx_word' id='word_1_68' title='bbox 3655 1139 3890 1204; x_wconf 86' lang='lat' dir='ltr'><strong>asellus</strong></span> <span class='ocrx_word' id='word_1_69' title='bbox 3940 1138 3943 1141; x_wconf 77' lang='grc'><strong>’</strong></span> 
     </span>
     <span class='ocr_line' id='line_1_7' title="bbox 897 1245 3945 1331; baseline -0.001 -21"><span class='ocrx_word' id='word_1_70' title='bbox 897 1246 961 1311; x_wconf 91' lang='lat' dir='ltr'><strong>in</strong></span> <span class='ocrx_word' id='word_1_71' title='bbox 1010 1247 1226 1330; x_wconf 89' lang='lat' dir='ltr'><strong>aliquo</strong></span> <span class='ocrx_word' id='word_1_72' title='bbox 1275 1248 1512 1331; x_wconf 84' lang='lat' dir='ltr'><strong>angulo</strong></span> <span class='ocrx_word' id='word_1_73' title='bbox 1559 1253 1740 1312; x_wconf 89' lang='lat' dir='ltr'><strong>stans</strong></span> <span class='ocrx_word' id='word_1_74' title='bbox 1787 1247 2006 1312; x_wconf 88' lang='lat' dir='ltr'><strong>catelli</strong></span> <span class='ocrx_word' id='word_1_75' title='bbox 2073 1247 2386 1312; x_wconf 86' lang='lat' dir='ltr'><strong>luxuriem</strong></span> <span class='ocrx_word' id='word_1_76' title='bbox 2464 1245 2705 1313; x_wconf 82' lang='lat' dir='ltr'><strong>cotidie</strong></span> <span class='ocrx_word' id='word_1_77' title='bbox 2775 1247 3146 1331; x_wconf 81' lang='lat' dir='ltr'><strong>conspicere</strong></span> <span class='ocrx_word' id='word_1_78' title='bbox 3210 1252 3444 1331; x_wconf 89' lang='lat' dir='ltr'><strong>potest,</strong></span> <span class='ocrx_word' id='word_1_79' title='bbox 3511 1267 3591 1311; x_wconf 92' lang='lat' dir='ltr'><strong>ne</strong></span> <span class='ocrx_word' id='word_1_80' title='bbox 3651 1245 3885 1326; x_wconf 77' lang='lat' dir='ltr'><strong>(licam,</strong></span> <span class='ocrx_word' id='word_1_81' title='bbox 3942 1252 3945 1269; x_wconf 82' lang='lat'><strong>²</strong></span> 
     </span>
     <span class='ocr_line' id='line_1_8' title="bbox 898 1352 1126 1419; baseline 0.013 -3"><span class='ocrx_word' id='word_1_82' title='bbox 898 1352 1126 1419; x_wconf 85' lang='lat' dir='ltr'><strong>debet:</strong></span> 
     </span>
    </p>

    <p class='ocr_par' dir='ltr' id='par_1_2' title="bbox 1105 1460 3096 2073">
     <span class='ocr_line' id='line_1_9' title="bbox 1105 1460 3096 1544; baseline -0.001 -19"><span class='ocrx_word' id='word_1_83' title='bbox 1105 1481 1188 1526; x_wconf 89' lang='lat' dir='ltr'><strong>vv</strong></span> <span class='ocrx_word' id='word_1_84' title='bbox 1233 1460 1486 1525; x_wconf 86' lang='lat'>8—13:</span> <span class='ocrx_word' id='word_1_85' title='bbox 1537 1462 1639 1525; x_wconf 89' lang='grc' dir='ltr'><strong>καὶ</strong></span> <span class='ocrx_word' id='word_1_86' title='bbox 1686 1462 1810 1540; x_wconf 87' lang='grc' dir='ltr'><strong>μὴν</strong></span> <span class='ocrx_word' id='word_1_87' title='bbox 1857 1460 1928 1525; x_wconf 81' lang='grc' dir='ltr'><strong>ἐν</strong></span> <span class='ocrx_word' id='word_1_88' title='bbox 1975 1460 2138 1544; x_wconf 86' lang='grc' dir='ltr'>αὐλῇ</span> <span class='ocrx_word' id='word_1_89' title='bbox 2187 1462 2361 1539; x_wconf 88' lang='grc' dir='ltr'>παρὰ</span> <span class='ocrx_word' id='word_1_90' title='bbox 2409 1460 2716 1540; x_wconf 87' lang='grc' dir='ltr'>φάτναισι</span> <span class='ocrx_word' id='word_1_91' title='bbox 2764 1461 3096 1539; x_wconf 82' lang='grc' dir='ltr'>δεσμώτης</span> 
     </span>
     <span class='ocr_line' id='line_1_10' title="bbox 1540 1566 2905 1650; baseline -0.001 -19"><span class='ocrx_word' id='word_1_92' title='bbox 1540 1566 1782 1646; x_wconf 82' lang='grc' dir='ltr'>ἔτρωγε</span> <span class='ocrx_word' id='word_1_93' title='bbox 1831 1567 2052 1645; x_wconf 85' lang='grc' dir='ltr'>κριθὰς</span> <span class='ocrx_word' id='word_1_94' title='bbox 2101 1567 2359 1650; x_wconf 83' lang='grc' dir='ltr'>χόρτον,</span> <span class='ocrx_word' id='word_1_95' title='bbox 2408 1566 2631 1646; x_wconf 88' lang='grc' dir='ltr'>ὥσπερ</span> <span class='ocrx_word' id='word_1_96' title='bbox 2681 1568 2905 1631; x_wconf 85' lang='grc' dir='ltr'>εἰώθει.</span> 
     </span>
     <span class='ocr_line' id='line_1_11' title="bbox 1544 1674 3009 1759; baseline 0.001 -22"><span class='ocrx_word' id='word_1_97' title='bbox 1544 1677 1798 1753; x_wconf 82' lang='grc' dir='ltr'>δηχθεὶς</span> <span class='ocrx_word' id='word_1_98' title='bbox 1850 1676 1920 1739; x_wconf 81' lang='grc' dir='ltr'><strong>δὲ</strong></span> <span class='ocrx_word' id='word_1_99' title='bbox 1969 1681 2149 1759; x_wconf 80' lang='grc' dir='ltr'>θυμῷ</span> <span class='ocrx_word' id='word_1_100' title='bbox 2198 1677 2300 1739; x_wconf 86' lang='grc' dir='ltr'><strong>καὶ</strong></span> <span class='ocrx_word' id='word_1_101' title='bbox 2347 1676 2665 1753; x_wconf 89' lang='grc' dir='ltr'>περισσὸν</span> <span class='ocrx_word' id='word_1_102' title='bbox 2714 1674 3009 1756; x_wconf 81' lang='grc' dir='ltr'>οἰμώξας,</span> 
     </span>
     <span class='ocr_line' id='line_1_12' title="bbox 1542 1780 2907 1865; baseline 0.001 -21"><span class='ocrx_word' id='word_1_103' title='bbox 1542 1780 1831 1859; x_wconf 86' lang='grc' dir='ltr'>σκύμνον</span> <span class='ocrx_word' id='word_1_104' title='bbox 1878 1785 2144 1860; x_wconf 85' lang='grc' dir='ltr'>θεωρῶν</span> <span class='ocrx_word' id='word_1_105' title='bbox 2192 1781 2494 1861; x_wconf 85' lang='grc' dir='ltr'>ἁβρότητι</span> <span class='ocrx_word' id='word_1_106' title='bbox 2542 1783 2667 1846; x_wconf 88' lang='grc' dir='ltr'><strong>σὺν</strong></span> <span class='ocrx_word' id='word_1_107' title='bbox 2713 1781 2907 1865; x_wconf 88' lang='grc' dir='ltr'>πάσῃ,</span> 
     </span>
     <span class='ocr_line' id='line_1_13' title="bbox 1543 1886 2990 1968; baseline 0.001 -17"><span class='ocrx_word' id='word_1_108' title='bbox 1543 1886 1797 1967; x_wconf 88' lang='grc' dir='ltr'>φάτνης</span> <span class='ocrx_word' id='word_1_109' title='bbox 1847 1887 2062 1966; x_wconf 87' lang='grc' dir='ltr'>ὀνείης</span> <span class='ocrx_word' id='word_1_110' title='bbox 2112 1890 2316 1967; x_wconf 83' lang='grc' dir='ltr'>δεσμὰ</span> <span class='ocrx_word' id='word_1_111' title='bbox 2363 1890 2465 1953; x_wconf 87' lang='grc' dir='ltr'><strong>καὶ</strong></span> <span class='ocrx_word' id='word_1_112' title='bbox 2511 1888 2748 1966; x_wconf 87' lang='grc' dir='ltr'>κάλους</span> <span class='ocrx_word' id='word_1_113' title='bbox 2797 1889 2990 1968; x_wconf 79' lang='grc' dir='ltr'>ῥήξας</span> 
     </span>
     <span class='ocr_line' id='line_1_14' title="bbox 1540 1990 2585 2073; baseline 0.003 -17"><span class='ocrx_word' id='word_1_114' title='bbox 1540 1992 1608 2072; x_wconf 82' lang='grc' dir='ltr'><strong>ἐς</strong></span> <span class='ocrx_word' id='word_1_115' title='bbox 1661 1994 1913 2072; x_wconf 86' lang='grc' dir='ltr'>μέσσον</span> <span class='ocrx_word' id='word_1_116' title='bbox 1961 1994 2163 2072; x_wconf 83' lang='grc' dir='ltr'>αὐλῆς</span> <span class='ocrx_word' id='word_1_117' title='bbox 2212 1990 2405 2073; x_wconf 86' lang='grc' dir='ltr'>ἦλθεν</span> <span class='ocrx_word' id='word_1_118' title='bbox 2453 1998 2585 2059; x_wconf 86' lang='grc' dir='ltr'>κτλ.</span> 
     </span>
    </p>

    <p class='ocr_par' dir='ltr' id='par_1_3' title="bbox 1113 2084 3959 2184">
     <span class='ocr_line' id='line_1_15' title="bbox 1113 2084 3959 2184; baseline 0.001 -22"><span class='ocrx_word' id='word_1_119' title='bbox 1113 2099 1258 2163; x_wconf 92' lang='lat' dir='ltr'><strong>Hac</strong></span> <span class='ocrx_word' id='word_1_120' title='bbox 1306 2117 1434 2163; x_wconf 85' lang='lat' dir='ltr'><strong>una</strong></span> <span class='ocrx_word' id='word_1_121' title='bbox 1481 2118 1634 2181; x_wconf 88' lang='lat' dir='ltr'><strong>ergo</strong></span> <span class='ocrx_word' id='word_1_122' title='bbox 1685 2100 2039 2166; x_wconf 88' lang='lat' dir='ltr'><strong>variatione</strong></span> <span class='ocrx_word' id='word_1_123' title='bbox 2087 2101 2359 2166; x_wconf 88' lang='lat' dir='ltr'><strong>Babrius</strong></span> <span class='ocrx_word' id='word_1_124' title='bbox 2406 2122 2532 2166; x_wconf 88' lang='lat' dir='ltr'><strong>non</strong></span> <span class='ocrx_word' id='word_1_125' title='bbox 2588 2101 2793 2166; x_wconf 92' lang='lat' dir='ltr'><strong>solum</strong></span> <span class='ocrx_word' id='word_1_126' title='bbox 2851 2101 3082 2166; x_wconf 83' lang='lat' dir='ltr'><strong>&#39;vitavit</strong></span> <span class='ocrx_word' id='word_1_127' title='bbox 3130 2102 3357 2167; x_wconf 84' lang='lat' dir='ltr'><strong>Galeni</strong></span> <span class='ocrx_word' id='word_1_128' title='bbox 3414 2101 3658 2183; x_wconf 88' lang='lat' dir='ltr'><strong>vitium,</strong></span> <span class='ocrx_word' id='word_1_129' title='bbox 3720 2101 3889 2184; x_wconf 86' lang='lat' dir='ltr'><strong>quod</strong></span> <span class='ocrx_word' id='word_1_130' title='bbox 3956 2084 3959 2087; x_wconf 28' lang='lat'><strong>⁴</strong></span> 
     </span>
    </p>

    <p class='ocr_par' dir='ltr' id='par_1_4' title="bbox 899 2190 3969 2717">
     <span class='ocr_line' id='line_1_16' title="bbox 899 2190 3963 2294; baseline 0.001 -26"><span class='ocrx_word' id='word_1_131' title='bbox 899 2203 1050 2270; x_wconf 88' lang='lat' dir='ltr'><strong>inde</strong></span> <span class='ocrx_word' id='word_1_132' title='bbox 1097 2204 1456 2292; x_wconf 84' lang='lat' dir='ltr'><strong>profectum</strong></span> <span class='ocrx_word' id='word_1_133' title='bbox 1505 2212 1623 2283; x_wconf 86' lang='lat' dir='ltr'><strong>est,</strong></span> <span class='ocrx_word' id='word_1_134' title='bbox 1697 2205 1868 2289; x_wconf 89' lang='lat' dir='ltr'><strong>quod</strong></span> <span class='ocrx_word' id='word_1_135' title='bbox 1923 2208 2032 2272; x_wconf 91' lang='lat' dir='ltr'><strong>ille</strong></span> <span class='ocrx_word' id='word_1_136' title='bbox 2092 2209 2363 2292; x_wconf 89' lang='lat' dir='ltr'><strong>asinum,</strong></span> <span class='ocrx_word' id='word_1_137' title='bbox 2436 2208 2616 2273; x_wconf 90' lang='lat' dir='ltr'><strong>cuius</strong></span> <span class='ocrx_word' id='word_1_138' title='bbox 2684 2207 2951 2292; x_wconf 80' lang='lat' dir='ltr'><strong>regnum</strong></span> <span class='ocrx_word' id='word_1_139' title='bbox 3010 2190 3325 2273; x_wconf 85' lang='lat' dir='ltr'><strong>stabulum</strong></span> <span class='ocrx_word' id='word_1_140' title='bbox 3386 2209 3488 2273; x_wconf 89' lang='lat' dir='ltr'><strong>vel</strong></span> <span class='ocrx_word' id='word_1_141' title='bbox 3546 2208 3694 2272; x_wconf 90' lang='lat' dir='ltr'><strong>aula</strong></span> <span class='ocrx_word' id='word_1_142' title='bbox 3750 2228 3889 2273; x_wconf 87' lang='lat' dir='ltr'><strong>esse</strong></span> <span class='ocrx_word' id='word_1_143' title='bbox 3960 2286 3963 2294; x_wconf 15' lang='grc' dir='ltr'>ἶ</span> 
     </span>
     <span class='ocr_line' id='line_1_17' title="bbox 900 2310 3890 2400; baseline 0.001 -24"><span class='ocrx_word' id='word_1_144' title='bbox 900 2312 1084 2394; x_wconf 88' lang='lat' dir='ltr'><strong>solet,</strong></span> <span class='ocrx_word' id='word_1_145' title='bbox 1132 2310 1331 2376; x_wconf 87' lang='lat' dir='ltr'><strong>nihilo</strong></span> <span class='ocrx_word' id='word_1_146' title='bbox 1378 2312 1578 2377; x_wconf 90' lang='lat' dir='ltr'><strong>setius</strong></span> <span class='ocrx_word' id='word_1_147' title='bbox 1627 2333 1772 2378; x_wconf 90' lang='lat' dir='ltr'><strong>cum</strong></span> <span class='ocrx_word' id='word_1_148' title='bbox 1822 2315 1887 2378; x_wconf 91' lang='lat' dir='ltr'><strong>in</strong></span> <span class='ocrx_word' id='word_1_149' title='bbox 1936 2313 2281 2378; x_wconf 89' lang='lat' dir='ltr'><strong>triclinium</strong></span> <span class='ocrx_word' id='word_1_150' title='bbox 2331 2316 2751 2400; x_wconf 85' lang='lat' dir='ltr'><strong>introspicere</strong></span> <span class='ocrx_word' id='word_1_151' title='bbox 2799 2321 2928 2379; x_wconf 89' lang='lat' dir='ltr'><strong>tum</strong></span> <span class='ocrx_word' id='word_1_152' title='bbox 2974 2316 3322 2399; x_wconf 88' lang='lat' dir='ltr'><strong>irrumpere</strong></span> <span class='ocrx_word' id='word_1_153' title='bbox 3355 2335 3542 2400; x_wconf 89' lang='lat' dir='ltr'><strong>posse</strong></span> <span class='ocrx_word' id='word_1_154' title='bbox 3575 2336 3700 2379; x_wconf 90' lang='lat' dir='ltr'><strong>non</strong></span> <span class='ocrx_word' id='word_1_155' title='bbox 3733 2316 3890 2379; x_wconf 89' lang='lat' dir='ltr'><strong>satis</strong></span> 
     </span>
     <span class='ocr_line' id='line_1_18' title="bbox 903 2417 3890 2504; baseline 0 -20"><span class='ocrx_word' id='word_1_156' title='bbox 903 2417 1237 2499; x_wconf 80' lang='lat' dir='ltr'><strong>stabilivit,</strong></span> <span class='ocrx_word' id='word_1_157' title='bbox 1308 2418 1422 2483; x_wconf 90' lang='lat' dir='ltr'><strong>sed</strong></span> <span class='ocrx_word' id='word_1_158' title='bbox 1487 2419 1681 2484; x_wconf 90' lang='lat' dir='ltr'><strong>etiam</strong></span> <span class='ocrx_word' id='word_1_159' title='bbox 1744 2420 2079 2486; x_wconf 83' lang='lat' dir='ltr'><strong>ridiculam</strong></span> <span class='ocrx_word' id='word_1_160' title='bbox 2140 2422 2313 2486; x_wconf 90' lang='lat' dir='ltr'><strong>illam</strong></span> <span class='ocrx_word' id='word_1_161' title='bbox 2363 2442 2640 2504; x_wconf 83' lang='lat' dir='ltr'><strong>scenam,</strong></span> <span class='ocrx_word' id='word_1_162' title='bbox 2689 2423 2797 2487; x_wconf 92' lang='lat' dir='ltr'><strong>ubi</strong></span> <span class='ocrx_word' id='word_1_163' title='bbox 2847 2442 3066 2487; x_wconf 89' lang='lat' dir='ltr'><strong>mensa</strong></span> <span class='ocrx_word' id='word_1_164' title='bbox 3114 2442 3309 2486; x_wconf 83' lang='lat' dir='ltr'><strong>caeco</strong></span> <span class='ocrx_word' id='word_1_165' title='bbox 3374 2421 3601 2486; x_wconf 86' lang='lat' dir='ltr'><strong>beluae</strong></span> <span class='ocrx_word' id='word_1_166' title='bbox 3649 2420 3890 2486; x_wconf 90' lang='lat' dir='ltr'><strong>blandi-</strong></span> 
     </span>
     <span class='ocr_line' id='line_1_19' title="bbox 901 2524 3891 2612; baseline 0 -22"><span class='ocrx_word' id='word_1_167' title='bbox 901 2525 1048 2590; x_wconf 88' lang='lat' dir='ltr'><strong>endi</strong></span> <span class='ocrx_word' id='word_1_168' title='bbox 1111 2524 1324 2591; x_wconf 88' lang='lat' dir='ltr'><strong>studio</strong></span> <span class='ocrx_word' id='word_1_169' title='bbox 1385 2545 1612 2591; x_wconf 87' lang='lat' dir='ltr'><strong>eversa</strong></span> <span class='ocrx_word' id='word_1_170' title='bbox 1681 2528 1842 2593; x_wconf 92' lang='lat' dir='ltr'><strong>cibis</strong></span> <span class='ocrx_word' id='word_1_171' title='bbox 1903 2527 2159 2593; x_wconf 89' lang='lat' dir='ltr'><strong>humum</strong></span> <span class='ocrx_word' id='word_1_172' title='bbox 2220 2529 2523 2612; x_wconf 89' lang='lat' dir='ltr'><strong>proiectis</strong></span> <span class='ocrx_word' id='word_1_173' title='bbox 2592 2530 2892 2611; x_wconf 87' lang='lat' dir='ltr'><strong>vasisque</strong></span> <span class='ocrx_word' id='word_1_174' title='bbox 2954 2529 3174 2593; x_wconf 82' lang='lat' dir='ltr'><strong>fractis</strong></span> <span class='ocrx_word' id='word_1_175' title='bbox 3241 2548 3521 2593; x_wconf 90' lang='lat' dir='ltr'><strong>summus</strong></span> <span class='ocrx_word' id='word_1_176' title='bbox 3586 2529 3891 2592; x_wconf 88' lang='lat' dir='ltr'><strong>tumultus</strong></span> 
     </span>
     <span class='ocr_line' id='line_1_20' title="bbox 905 2620 3969 2717; baseline 0 -21"><span class='ocrx_word' id='word_1_177' title='bbox 905 2631 1215 2712; x_wconf 85' lang='lat' dir='ltr'><strong>efficitur,</strong></span> <span class='ocrx_word' id='word_1_178' title='bbox 1263 2651 1520 2696; x_wconf 86' lang='lat' dir='ltr'><strong>servare</strong></span> <span class='ocrx_word' id='word_1_179' title='bbox 1568 2638 1854 2717; x_wconf 87' lang='lat' dir='ltr'><strong>poterat:</strong></span> <span class='ocrx_word' id='word_1_180' title='bbox 3966 2620 3969 2643; x_wconf 59' lang='lat'><em>÷</em></span> 
     </span>
    </p>

    <p class='ocr_par' dir='ltr' id='par_1_5' title="bbox 1110 2737 3086 2821">
     <span class='ocr_line' id='line_1_21' title="bbox 1110 2737 3086 2821; baseline 0.002 -19"><span class='ocrx_word' id='word_1_181' title='bbox 1110 2759 1193 2802; x_wconf 87' lang='lat' dir='ltr'><strong>vv</strong></span> <span class='ocrx_word' id='word_1_182' title='bbox 1238 2737 1320 2802; x_wconf 82' lang='lat'><strong>15</strong></span> <span class='ocrx_word' id='word_1_183' title='bbox 1341 2758 1445 2819; x_wconf 85' lang='lat' dir='ltr'><strong>sq:</strong></span> <span class='ocrx_word' id='word_1_184' title='bbox 1495 2741 1612 2816; x_wconf 88' lang='grc' dir='ltr'><strong>τὴν</strong></span> <span class='ocrx_word' id='word_1_185' title='bbox 1654 2740 1775 2818; x_wconf 80' lang='grc' dir='ltr'><strong>μὲν</strong></span> <span class='ocrx_word' id='word_1_186' title='bbox 1821 2740 2141 2819; x_wconf 83' lang='grc' dir='ltr'>τράπεζαν</span> <span class='ocrx_word' id='word_1_187' title='bbox 2188 2738 2410 2805; x_wconf 81' lang='grc' dir='ltr'>ἔθλασ’</span> <span class='ocrx_word' id='word_1_188' title='bbox 2461 2743 2529 2819; x_wconf 80' lang='grc' dir='ltr'><strong>ἐς</strong></span> <span class='ocrx_word' id='word_1_189' title='bbox 2579 2742 2780 2820; x_wconf 88' lang='grc' dir='ltr'>μέσον</span> <span class='ocrx_word' id='word_1_190' title='bbox 2831 2741 3086 2821; x_wconf 85' lang='grc' dir='ltr'>βάλλων</span> 
     </span>
    </p>

    <p class='ocr_par' dir='ltr' id='par_1_6' title="bbox 1508 2843 2790 2926">
     <span class='ocr_line' id='line_1_22' title="bbox 1508 2843 2790 2926; baseline 0.003 -19"><span class='ocrx_word' id='word_1_191' title='bbox 1508 2843 1761 2909; x_wconf 88' lang='grc' dir='ltr'>ἅπαντα</span> <span class='ocrx_word' id='word_1_192' title='bbox 1810 2846 1864 2909; x_wconf 80' lang='grc' dir='ltr'><strong>δ’</strong></span> <span class='ocrx_word' id='word_1_193' title='bbox 1916 2847 2106 2925; x_wconf 85' lang='grc' dir='ltr'>εὐθὺς</span> <span class='ocrx_word' id='word_1_194' title='bbox 2154 2848 2398 2926; x_wconf 84' lang='grc' dir='ltr'>ἠλόησε</span> <span class='ocrx_word' id='word_1_195' title='bbox 2445 2849 2523 2911; x_wconf 88' lang='grc' dir='ltr'><strong>τὰ</strong></span> <span class='ocrx_word' id='word_1_196' title='bbox 2571 2848 2790 2926; x_wconf 86' lang='grc' dir='ltr'>σκεύη.</span> 
     </span>
    </p>
   </div>
   <div class='ocr_carea' id='block_1_2' title="bbox 3913 0 3980 2557">
    <p class='ocr_par' dir='ltr' id='par_1_7' title="bbox 3913 0 3980 2557">
     <span class='ocr_line' id='line_1_23' title="bbox 3913 0 3980 2557; baseline 0 0"><span class='ocrx_word' id='word_1_197' title='bbox 3913 0 3980 2557; x_wconf 95' lang='lat' dir='ltr'><strong> </strong></span> 
     </span>
    </p>
   </div>
  </div>
 </body>
</html>
