4234 6017
2212 639 2396 697 Babr
2434 636 2526 696 43

875 773 1128 839 Ἔλαφος
1164 771 1336 838 (θέρει
1373 768 1524 837 ποτ’)
1565 770 1806 835 εὔκερως
1844 768 2078 834 ἀχαΐνης
2425 767 2566 831 ὁμοί)
2606 766 2876 832 σαγήναις
2914 767 3003 818 καὶ
3041 765 3299 818 σκύλαξιν
3337 765 3591 832 εύρίνοις,

877 862 1044 928 ποίης
1082 861 1381 926 κορεσθείς,
1420 858 1517 926 ἣ(ν
1555 858 1783 910 νάπαισι
1819 857 1916 923 γ)ἣ
1955 857 2105 924 φύει,
2425 855 2565 908 ἰδὼν
2603 853 2651 907 δ’
2692 856 2915 922 ἔφευγε,
2953 853 3123 918 δίψαν
3162 855 3389 907 οὐδέπω
3429 856 3663 922 παύσας,

879 950 1073 1016 λίμνης
1119 950 1273 1015 ὕδωρ
1314 948 1502 1001 ἔπινεν
1539 947 1946 1012 ἡσυχαζούσης.
2427 947 2517 997 καί
2558 945 2769 1011 μακρὸν
2809 943 2982 1010 ἐπέρα
3019 943 3215 997 πεδίον
3250 944 3460 1009 ἴχνεσιν
3498 945 3748 1011 κούφοις.

879 1041 993 1093 ἐκεῖ
1032 1037 1081 1093 δ’
1122 1040 1330 1091 ἑαυταί)
1369 1038 1477 1101 τὴν
1515 1038 1678 1102 σκιὴν
1716 1036 2009 1103 θεωρήσας
2430 1034 2548 1087 ἐπεὶ
2590 1035 2649 1086 δέ
2689 1035 2758 1099 δὴ
2799 1035 3141 1101 σύνδενδρον
3179 1035 3348 1097 ἢλθεν
3387 1033 3464 1097 εἰς
3502 1035 3657 1101 ὕλην,

879 1131 1054 1194 χηλῆς
1092 1129 1191 1193 μὲν
1232 1129 1394 1180 ἕνεκα
1436 1129 1527 1179 καὶ
1563 1127 1757 1179 ποδῶν
1797 1126 2068 1191 ἐλυπήθη,
2429 1124 2637 1190 κέρατα
2675 1123 2904 1188 θάμνοις
2942 1125 3241 1188 ἐμπλακεὶς
3277 1124 3571 1190 ἐθηρεύθη,

881 1219 969 1271 ἐπὶ
1007 1223 1125 1281 τοῖς
1161 1218 1220 1269 δέ
1260 1217 1486 1283 κέρασιν
1525 1217 1601 1279 ὡς
1639 1218 1828 1278 καλοῖς
1866 1214 2007 1278 ἂγαν
2048 1214 2222 1280 ηὔχει.
2430 1214 2520 1265 καὶ
2558 1211 2717 1265 ταῦτ’
2757 1214 2899 1278 ἔφη·
2940 1214 3251 1279 ,,δύστηνος
3290 1215 3369 1277 ὡς
3404 1208 3773 1279 διεψεύσθην·

879 1311 1065 1374 παρῆν
1103 1308 1164 1359 δέ
1207 1306 1453 1372 Νέμεσις,
1492 1304 1528 1374 ἣ
1568 1305 1640 1357 τὰ
1676 1308 1860 1371 γαῡρα
1896 1302 2176 1368 πημαίνει.
2430 1302 2483 1354 οἱ
2518 1302 2626 1368 γὰρ
2663 1302 2833 1365 πὸδες
2872 1301 2925 1367 μ’
2964 1303 3198 1371 ἔσῳζον,
3236 1301 3321 1366 οἷς
3361 1303 3706 1370 ἐπῃδούμην,

880 1398 1190 1462 κυνηγέτας
1226 1396 1332 1462 γὰρ
1373 1396 1579 1462 ἄνδρας
1618 1395 1766 1446 εἶδεν
1806 1391 2069 1459 ἐξαίφνης
2428 1391 2500 1443 τὰ
2538 1391 2743 1456 κέρατα
2780 1392 2841 1444 δὲ
2879 1391 3225 1458 προῦδωκεν,
3264 1390 3350 1455 οἷς
3388 1391 3793 1460 ἐγαυρούμην.“

1403 1691 1507 1759 De
1560 1710 1731 1758 eane
1780 1709 2067 1757 earnem
2114 1690 2394 1757 ferente
2443 1691 2536 1765 (cf
2582 1710 2759 1774 pagg
2812 1691 3091 1774 10-12,
3139 1692 3226 1754 40
3252 1692 3351 1773 sq)

1525 1857 1782 1913 Ps-Dos
1824 1855 1990 1929 11(5)
3028 1855 3198 1914 Rom
3235 1856 3418 1913 Burn
3456 1855 3485 1911 Ι
3510 1854 3552 1913 5

891 1987 1067 2054 Κρέας
1105 1987 1258 2039 κύων
1296 1986 1551 2053 ἁρπάσας
1796 1985 1988 2040 Carne
2014 1983 2189 2040 canis
2223 1987 2407 2053 rapta
2697 1982 2941 2038 Amittit
2955 1982 3295 2053 proprium
3330 1983 3618 2054 quisquis
3648 1983 3869 2039 avidus

887 2075 1145 2141 ποταμὸν
1184 2076 1470 2139 διέβαινεν.
1787 2076 2015 2144 flumen
2059 2072 2414 2129 transiebat.
2699 2072 2967 2127 alienum
3030 2072 3278 2143 appetit.
3352 2074 3424 2127 de
3498 2071 3723 2127 talibus
3781 2074 3870 2127 sic

886 2167 977 2217 καὶ
1017 2165 1364 2229 θεασάμενος
1401 2169 1504 2216 τοῦ
1558 2165 1735 2231 κρέως
1791 2167 1844 2218 et
1867 2163 1972 2232 [ut]
1994 2161 2209 2218 videns
2224 2161 2419 2231 [vidit]
2434 2160 2642 2226 carnis
2698 2165 2936 2217 narrat.
3029 2160 3204 2217 canis
3261 2163 3490 2231 flumen
3562 2162 3870 2217 transiens

794 2312 800 2322 ,
884 2254 992 2318 τὴν
1030 2253 1190 2307 σκιὰν
1220 2254 1591 2306 ὑπώπτευσεν
1790 2255 2091 2319 umbram,
2148 2250 2502 2321 suspicatus
2557 2253 2644 2306 est
2691 2255 2941 2320 partem
2978 2250 3189 2322 carnis
3227 2267 3326 2307 ore
3373 2251 3619 2306 tenebat.
3695 2251 3871 2307 cuius

889 2341 1115 2407 μείζονα
1154 2344 1298 2395 εἶναι
1328 2342 1459 2409 <ού>
1765 2340 2089 2398 5mai0rem
2132 2357 2257 2396 esse
2295 2358 2483 2412 quam
2700 2344 2983 2397 umbram
3044 2333 3186 2396 cum
3247 2338 3500 2395 vidisset
3559 2340 3628 2394 in
3688 2357 3869 2410 aqua,

887 2433 1104 2501 ἔφερεν.
1144 2433 1234 2484 καί
1273 2432 1348 2494 ὡς
1374 2431 1533 2497 αἱρεῖ,
1791 2432 2044 2503 ferebat.
2086 2434 2143 2484 et
2179 2431 2328 2484 dum
2367 2427 2539 2496 tollit,
2694 2430 2992 2502 patefecit
3029 2447 3096 2486 os
3134 2447 3333 2499 suum,
3369 2433 3435 2484 ut
3473 2431 3662 2486 aliam
3703 2449 3870 2501 cape·

888 2520 1183 2588 ἀπέβαλεν,
1223 2519 1321 2589 <ὃ>
1363 2521 1598 2588 ἐκράτει.
1790 2517 2017 2587 amisit,
2057 2535 2243 2590 quam
2275 2516 2611 2586 (habebat).
2702 2524 2808 2575 ret.
2883 2518 3090 2575 statim
3117 2536 3263 2587 eam,
3304 2519 3695 2590 quam-prius
3720 2524 3870 2575 tene-

885 2610 1036 2663 οὕτω
1091 2612 1290 2663 πολλοὶ
1338 2611 1628 2677 ἄνθρωποι
1664 2610 1736 2662 τὰ
1791 2608 1881 2664 sic
1906 2607 2084 2663 multi
2103 2607 2378 2662 homines
2414 2606 2647 2661 ineerta
2704 2612 2820 2677 bat,
2864 2609 3094 2681 fluvius
3148 2607 3290 2663 tulit
3345 2612 3400 2663 et
3435 2607 3628 2677 illam,
3685 2626 3872 2680 quam

887 2701 1067 2766 ἄδηλα
1124 2701 1201 2764 ὡς
1275 2702 1665 2767 θηρεύσουσιν,
1795 2700 1948 2752 dum
2016 2699 2282 2767 captant,
2358 2695 2648 2751 amittunt
2704 2702 2817 2755 sub
2878 2716 3043 2770 aqua
3091 2700 3369 2767 putabat,
3432 2697 3697 2753 obtinere
3747 2716 3873 2754 non

887 2789 1301 2854 ἀποβάλλουσιν
1338 2790 1410 2841 τὰ
1446 2789 1577 2842 ἴδια.
1741 2803 1925 2843 10sua.
2694 2788 2916 2859 potuit.
2992 2787 3082 2843 sic
3120 2785 3403 2858 quisquis
3441 2786 3711 2842 alienum
3737 2804 3873 2858 que·

887 2914 920 2967 3
942 2929 1010 2982 sq
1038 2914 1378 2982 umbraque
1402 2910 1536 2967 visa
1563 2911 1772 2966 carnis
1809 2912 1948 2964 ἰδὼν
1982 2910 2088 2976 τήν
2128 2911 2288 2963 σκιὰν
2324 2916 2427 2964 τοῦ
2470 2916 2649 2978 κρεῶς
2703 2880 2805 2949 Γπ)
2843 2883 2991 2935 dum
3024 2881 3167 2948 plus
3203 2877 3347 2947 '‘ml‘’
3386 2895 3564 2934 suum
3598 2878 3827 2945 perdit·

892 3003 939 3056 P
960 3000 978 3073 ΙΙ
1015 3002 1157 3055 4-7
1197 2999 1532 3055 aestimans
1558 3017 1764 3055 veram
1802 3015 1927 3054 esse
1952 2998 2146 3053 voluit
2183 3014 2401 3068 rapere
2439 3002 2494 3053 et
2518 3016 2648 3054 con-

891 3089 1036 3162 tiyit
1075 3089 1130 3145 ei
1172 3107 1359 3161 quam
1406 3091 1660 3145 habebat
1697 3088 1976 3143 amittere
2012 3089 2244 3154 νομίσας
2281 3089 2462 3156 ἀληθῆ
2503 3092 2648 3143 εἶναι

886 3181 1166 3249 ἠθέλησεν
1205 3181 1442 3246 ἁρπάξαι
1483 3182 1572 3232 καὶ
1612 3180 1817 3245 συνέβη
1862 3180 2017 3247 αὐτῷ
2056 3178 2130 3244 ἢν
2157 3177 2305 3244 εἶχεν
2346 3180 2647 3245 ἀποβαλεῖν

889 3271 933 3324 Ρ
960 3271 1058 3339 115,
1086 3272 1117 3325 7
1157 3270 1225 3336 ἦς
1266 3286 1373 3339 pro
1401 3270 1469 3324 οὗ
1513 3276 1571 3323 et
1609 3270 1680 3335 ἣν
1720 3284 1828 3339 pro
1857 3270 1887 3321 ὃ
1915 3269 1965 3321 L
1992 3270 2209 3322 vitium
2240 3284 2273 3322 e
2301 3269 2490 3340 latina
2519 3286 2648 3323 ver-

890 3362 1059 3415 sione
1099 3368 1296 3414 ortum
1323 3361 1346 3428 Η
1371 3360 1496 3429 9sq
1546 3358 1835 3415 amittunt
1885 3356 2157 3428 propria
2192 3358 2255 3412 P.

1409 3564 1683 3621 Phaedr
1721 3562 1815 3619 14
2993 3561 3178 3620 Babr
3217 3559 3303 3620 ’79

891 3673 1133 3730 Amittit
1196 3672 1411 3729 merito
1452 3672 1803 3743 proprium,
1884 3672 1994 3744 qui
2057 3673 2328 3728 alienum
2439 3676 2611 3742 Κρέας
2649 3671 3072 3738 κύων“ἔκλεψεν
3111 3673 3173 3726 ἐκ
3211 3672 3526 3740 μαγειρείου

2074 3762 2328 3831 adpetit.
2436 3767 2526 3817 καὶ
2566 3765 2635 3828 δὴ
2676 3765 2881 3832 παρῄει
2919 3764 3202 3829 ποταμόν·
3244 3763 3305 3816 ἐν
3343 3763 3404 3815 δὲ
3442 3766 3524 3829 τῷ
3564 3761 3767 3829 ῥείθρῳ

897 3852 1082 3909 Canis
1142 3870 1260 3923 per
1316 3854 1543 3924 flumen
1605 3869 1851 3908 carnem
1925 3870 2062 3908 cum
2132 3854 2327 3923 ferret
2437 3855 2579 3907 πολὺ
2618 3858 2721 3906 τοῦ
2762 3855 2940 3920 κρέως
2981 3853 3181 3906 ἰδοῦσα
3219 3853 3323 3917 τὴν
3362 3852 3525 3916 σκιὴν
3562 3849 3747 3916 μείζω,

2083 3945 2325 4010 natans,
2434 3928 2501 3996 τὸ
2540 3944 2708 4009 κρέας
2744 3943 2945 4009 ἀφῆκε,
2983 3949 3056 4011 τῇ
3096 3948 3222 4009 σκιῇ
3264 3941 3310 3994 δ’
3350 3939 3682 4007 ἐφωρμήθη.

892 4032 1317 4103 Lympharum
1354 4030 1422 4086 in
1456 4033 1696 4100 speculo
1731 4029 1888 4085 vidit
1926 4028 2328 4091 simulacrum
2438 4032 2556 4085 ἀλλ’
2595 4031 2716 4085 οὔτ’
2756 4032 2974 4098 ἐκείνην
3014 4032 3175 4098 εὗρεν
3214 4030 3336 4083 οὔθ’
3376 4030 3406 4082 ὃ
3447 4031 3714 4094 βεβλήκει.

2129 4135 2329 4187 suum,
2438 4125 2691 4174 πεινῶσα
2730 4120 2777 4172 δ’
2816 4119 2998 4173 ὀπίσω
3036 4120 3138 4173 τὸν
3175 4120 3354 4185 πόρον
3394 4120 3608 4186 διεξῄει.

892 4210 1235 4281 Aliamque,
1252 4212 1558 4281 praedam
1597 4212 1671 4265 ab
1702 4211 1891 4264 altero
1911 4207 2072 4279 ferri
2091 4211 2331 4278 putans

895 4299 1154 4370 Eripere
1191 4298 1410 4355 voluit:
1450 4316 1660 4354 verum
1698 4301 1948 4368 decepta
1986 4297 2257 4352 aviditas

894 4391 975 4443 Et
1017 4406 1195 4459 quem
1224 4390 1458 4443 tenebat
1483 4405 1583 4444 ore
1611 4386 1849 4443 dimisit
1874 4386 2075 4442 cibum

894 4480 1018 4534 Nec
1059 4496 1236 4549 quem
1269 4479 1510 4547 petebat
1538 4475 1746 4547 potuit
1784 4478 1934 4532 adeo
1962 4475 2298 4547 adtinqere.

1709 4782 1812 4848 De
1862 4799 2078 4849 corvo
2132 4782 2204 4848 et
2256 4780 2462 4864 vulpe
2511 4781 2604 4863 (cf
2648 4802 2828 4867 pagg
2879 4782 2959 4845 13
2986 4783 3086 4863 sq)

1577 4938 1826 4996 Ps-Dos
1865 4937 2013 5012 9(3)
3017 4937 3186 4996 Rom
3222 4937 3406 4994 Burn
3443 4932 3571 4994 114

902 5063 1077 5130 Κόραξ
1114 5065 1286 5129 τυρὸν
1326 5063 1582 5129 ἁρπάσας
1810 5062 2037 5118 Corvus
2075 5077 2319 5116 caseum
2355 5060 2572 5130 rapuit
2715 5062 2863 5117 Cum
2926 5062 2999 5115 de
3052 5063 3328 5132 fenestra
3386 5075 3600 5115 corvus
3635 5075 3879 5114 caseum

900 5155 988 5205 καὶ
1028 5154 1220 5207 ἐπάνω
1267 5154 1502 5220 δένδρου
1550 5170 1714 5207 πετα-
1806 5155 1859 5205 et
1897 5168 2085 5220 super
2123 5153 2400 5205 arborem
2445 5154 2656 5205 volans
2711 5154 2971 5220 raperet,
3065 5152 3191 5204 alta
3275 5147 3547 5203 consedit
3632 5147 3701 5201 in
3788 5166 3879 5201 ar-

899 5246 1048 5308 σθεὶς
1087 5244 1357 5297 ἐκάθισεν.
1807 5241 1977 5295 sedit.
2713 5242 2866 5294 bore.
2940 5238 3161 5308 vulpis,
3245 5241 3312 5291 ut
3385 5240 3532 5293 haec
3608 5235 3776 5306 vidit,
3855 5255 3884 5291 e
