4234 6017
2104 463 2420 531 *55*

1778 646 1947 710 Rom
1985 651 2169 709 Burn
2206 651 2298 709 IV
2319 651 2480 708 14:
2502 650 2757 709 Ps-D‘os

787 752 949 809 Puer
987 750 1057 810 in
1093 750 1251 810 silva
1291 748 1635 824 auguriast)
1651 752 1696 823 1)
1765 755 2024 822 captans
2081 751 2244 807 stetit
2298 768 2484 823 super
2522 753 2828 823 quendam
2868 748 3159 821 lapidem,
3215 746 3325 808 sub
3382 770 3500 824 quo
3540 753 3776 811 iacebat

712 897 715 900 ,
787 844 1036 910 (latebat
1071 845 1232 912 Flor)
1285 841 1588 912 scarpim,
1647 859 1824 913 quem
1863 843 2199 897 conabatur
2245 859 2409 912 puer
2445 845 2688 897 vertere.
2765 840 2865 896 cui
2914 845 3238 912 scorpulus
3274 841 3472 897 dixit:
3510 842 3599 900 sic
3636 844 3775 901 vide

790 931 996 1001 miser,
1036 948 1110 987 ne
1148 934 1296 987 dum
1333 947 1426 986 me
1464 933 1695 1000 captas,
1734 934 1788 984 te
1822 929 2029 1000 ipsum
2057 932 2314 1001 perdas.
2383 929 2694 1001 praecipit
2731 932 2771 985 h
2804 930 2846 1000 f
2876 931 2995 998 (cet
3017 954 3085 977 =
3106 931 3335 987 Ps-Dos
3373 931 3430 985 H
3466 933 3561 1002 L).

1834 1124 2017 1181 Babr
2053 1123 2225 1181 Bodl
2263 1125 2581 1196 Paraphr
2617 1122 2740 1181 168

695 1257 699 1259 ⁷
795 1237 938 1299 Παῖς
975 1252 1059 1299 τις
1097 1234 1322 1301 ἀκρίδας
1360 1236 1619 1302 θηρεύων
1660 1237 1748 1288 καὶ
1787 1235 2057 1302 σκορπίον
2094 1236 2332 1301 ἤμελλεν
2372 1234 2497 1301 ἆραι
2537 1235 2614 1298 ὡς
2649 1235 2813 1298 γένος
2850 1233 3074 1300 ἀκρίδος
3111 1236 3264 1288 ὄντα.
3305 1235 3336 1287 ὃ
3376 1236 3437 1289 δὲ
3472 1237 3541 1289 τὸ
3580 1238 3777 1301 παιδὸς

796 1326 1012 1378 ἁπλοῦν
1049 1324 1187 1377 ἰδὼν
2264 1371 2270 1382 ,

1664 1414 1931 1479 τούραῑον
1971 1412 2127 1475 ἱστὰς
2167 1414 2255 1465 καὶ
2292 1413 2360 1465 τὸ
2399 1412 2632 1478 κέντρον
2671 1412 2870 1475 ὀξύνας

796 1503 977 1555 εἶπεν·
1018 1503 1260 1569 „ditem-3
1300 1504 1390 1555 καὶ
1429 1503 1616 1557 σώζου
1657 1502 1811 1565 (chol
1853 1503 1989 1556 coni
2029 1500 2220 1569 Orus),
2278 1502 2324 1554 ὦ
2364 1507 2500 1586 irai&
2537 1502 2611 1567 μὴ
2653 1502 2791 1567 κάμὲ
2830 1502 3093 1569 θηρεύων
3119 1504 3221 1578 καὶ
3259 1503 3456 1570 πάσας,
3502 1503 3567 1568 ἃς
3616 1504 3773 1571 ἔχεις,

795 1590 1123 1659 ἀπολέσῃς.“

1012 1768 1065 1837 1)
1106 1768 1221 1821 Hic
1261 1763 1501 1835 quidem
1541 1767 1858 1822 Romulum
1899 1770 2173 1837 graviter
2210 1783 2343 1824 esse
2382 1773 2733 1838 corruptum
2773 1784 2949 1824 nemo
3007 1786 3128 1824 non
3186 1770 3365 1825 videt.
3444 1786 3557 1825 nec
3617 1772 3775 1824 cuim

796 1857 1032 1910 exsistit
1069 1871 1263 1925 genus
1302 1857 1586 1922 ferarum,
1650 1857 1813 1926 quod
1852 1858 2084 1926 antiqui
2141 1855 2542 1926 auguriorum
2598 1858 2839 1912 nomine
2877 1860 3378 1934 significaverint.
3452 1859 3777 1914 acredulas

797 1945 1054 1999 coniecit
1090 1945 1396 1999 Thieleius
1458 1944 1765 1999 Kellerum
1814 1946 1952 2012 (Lat
1996 1945 2407 2015 Volksetymol
2451 1962 2488 2015 p
2516 1946 2608 2013 58)
2647 1935 2911 2013 secutuS,
2966 1949 3074 2002 sed
3131 1950 3190 2002 cf
3226 1948 3672 2018 Weynandium
3713 1949 3776 2002 in

798 2033 956 2088 Thes
992 2033 1154 2103 Ling
1194 2034 1307 2088 Lat
1345 2049 1372 2088 s
1411 2051 1452 2088 v
1490 2035 1797 2089 acredula.
