4234 6017
2133 422 2448 477 -9-

788 602 952 668 haec
999 602 1198 668 verba
1246 622 1282 669 e
1314 602 1612 669 Phaedro
1659 604 1724 667 in
1757 602 2254 668 Ps-Dositheum
2303 600 2637 687 irrepsisse
2678 609 3019 687 propterea
3051 601 3204 666 mibi
3238 602 3548 687 persuasi,
3597 599 3768 685 quod

784 730 1024 797 graeca
1101 711 1396 777 versione
1486 712 1653 775 πιὼν
1741 712 1956 795 potius
2025 711 2290 776 latinum
2365 712 2590 776 bibens
2658 708 2968 794 postulari
3038 710 3310 774 videtur.
3426 728 3529 775 res
3614 729 3770 794 ergo

786 818 1062 884 fortasse
1108 818 1202 882 ita
1246 837 1317 883 se
1364 815 1624 883 habuit:
1705 816 1770 882 in
1833 821 2111 904 genuino
2170 819 2483 886 Dositheo
2546 822 2770 885 bibens
2797 848 2866 873 =
2900 818 3067 884 πιών
3130 818 3448 883 exstabat.
3548 823 3775 902 postea

786 931 999 989 autem
1046 925 1130 990 ab
1189 923 1405 1008 aliquo
1474 925 1934 1010 interpolatore
1981 924 2263 992 Phaedri
2293 1010 2297 1014 ⁴
2329 927 2535 1013 perito
2600 948 2717 1013 pro
2784 929 3007 992 bibens
3060 931 3294 1012 poetae
3360 925 3556 991 verba
3624 947 3774 991 cum

787 1032 1053 1097 bibisset
1102 1030 1197 1111 (cf
1228 1051 1271 1096 v
1307 1032 1375 1095 1:
1424 1054 1458 1097 e
1500 1033 1695 1119 fonte
1737 1054 1971 1099 cervas
2018 1056 2170 1099 cum
2217 1036 2502 1118 bibisset,
2551 1036 2820 1110 restitit)
2865 1034 3212 1099 substituta
3264 1038 3427 1098 sunt.
3461 1039 3770 1098 ceterum

789 1143 1184 1223 quantopere
1263 1157 1501 1220 eorum,
1573 1159 1839 1221 quorum
1915 1140 1982 1204 in
2058 1141 2351 1207 manibus
2397 1140 2804 1208 Ps·Dosithei
2874 1141 3124 1207 libellus
3180 1146 3339 1221 erat,
3409 1139 3773 1206 interfuerit

788 1264 1025 1329 graeca
1056 1266 1098 1309 a
1128 1244 1347 1310 latinis
1379 1262 1567 1328 quam
1601 1246 1858 1312 minime
1889 1246 2224 1313 discedere
2257 1255 2450 1331 atque
2482 1248 2777 1330 invicem,
2827 1247 3009 1314 testis
3056 1254 3155 1313 est
3187 1246 3393 1313 codex
3425 1247 3775 1331 Parisinus,

791 1352 857 1416 in
905 1371 1029 1434 quo
1076 1355 1369 1437 postea1)
1419 1352 1510 1431 ὡς
1559 1353 1737 1418 ἔπιεν
1784 1373 1900 1439 pro
1947 1357 2114 1420 πιὼν
2162 1355 2506 1422 substituto
2561 1376 2800 1441 graeca
2840 1356 3038 1421 latino
3087 1378 3236 1420 cum
3274 1356 3535 1421 bibisset
3582 1356 3773 1440 plane

787 1458 1275 1524 accommodata
1321 1465 1489 1525 sunt.
1581 1460 1734 1525 item
1783 1461 1982 1526 verba
2029 1463 2321 1549 effiqiem
2365 1485 2561 1528 suam
2615 1467 2732 1528 τοῦ
2781 1464 3085 1543 σώματος
3133 1463 3311 1527 ἰδέαν
3357 1461 3443 1528 ad
3490 1462 3770 1529 Phaedri

789 1566 998 1631 locum
1033 1568 1101 1647 (v
1131 1567 1233 1646 4):
1284 1574 1345 1632 et
1392 1568 1464 1632 in
1497 1568 1754 1652 liquore
1799 1570 1972 1634 vidit
2004 1570 2294 1656 effiyiem
2337 1592 2533 1637 suam
2579 1569 2790 1637 redire
2836 1568 3154 1636 videntur.
3226 1568 3543 1635 accedunt
3575 1571 3772 1636 verba

791 1673 1050 1739 minoris
1098 1671 1402 1757 ponderis
1449 1675 1616 1741 sicut
1645 1675 1740 1740 ad
1781 1678 2036 1762 fontem
2084 1695 2346 1758 cervu83
2396 1699 2618 1743 cursu.

1004 1779 1559 1865 Deprehendimus
1638 1800 1793 1865 ergo
1870 1781 1996 1847 iam
2076 1783 2514 1849 Ps-Dosithei
2591 1783 3010 1874 archetypum
3090 1803 3126 1848 e
3204 1783 3502 1850 Phaedro
3580 1785 3772 1851 inter-

795 1885 1099 1971 polatum,
1191 1908 1576 1971 quamquam
1624 1888 1689 1953 in
1737 1887 1951 1955 medio
1999 1891 2377 1975 relinquam,
2448 1897 2657 1956 utrum
2708 1890 2867 1957 baec
2918 1890 3194 1956 Phaedri
3244 1891 3440 1956 verba
3489 1913 3529 1957 a
3574 1893 3773 1976 magi-

789 2001 921 2060 stro
967 1996 1108 2080 ipso
1157 1995 1435 2063 fabellae
1481 2016 1638 2062 suae
1685 1998 1925 2063 inserta
1971 1999 2098 2063 sint
2145 2019 2229 2063 an
2275 1999 2402 2064 iam
2449 1998 2515 2063 in
2563 1997 2982 2064 Ps·Dositbei.
3020 2004 3085 2063 et
3130 1998 3383 2063 Romuli
3456 2000 3769 2064 communi

789 2102 967 2169 fonte
1044 2103 1429 2169 exstiterint.
1544 2111 1718 2171 certe
1788 2104 1855 2171 id
1926 2105 2309 2172 monendum
2388 2112 2506 2189 est,
2586 2103 2756 2189 quod
2836 2104 3028 2170 etiam
3096 2104 3398 2171 Ademari
3478 2105 3772 2172 collectio

790 2229 910 2275 nec
956 2230 1082 2275 non
1132 2209 1741 2295 wissemburgensis
1788 2219 1852 2278 et
1900 2212 2009 2278 alii
2058 2213 2144 2279 ad
2191 2213 2611 2299 archetypum
2659 2212 2950 2295 redeunt,
3000 2213 3108 2296 qui
3150 2213 3335 2298 plura
3367 2210 3774 2277 Phaedriana

794 2316 1166 2383 continebat
1212 2338 1400 2401 quam
1450 2319 1525 2403 is,
1577 2339 1763 2402 quem
1811 2340 1928 2386 nos
1976 2319 2314 2403 habemuS,
2363 2320 2691 2402 Romulus,
2739 2325 2809 2384 ut
2841 2318 3169 2386 Tbieleius
3215 2339 3463 2385 mecum
3497 2319 3772 2402 benigne

793 2424 1288 2491 communicavit
1334 2432 1398 2492 et
1444 2426 1684 2511 passim
1731 2426 2012 2513 attigit2)
2059 2429 2124 2492 in
2175 2427 2390 2493 libello
2437 2430 2636 2507 suo.³)
2815 2416 2822 2419 ⁴

1005 2634 1061 2698 1)
1098 2634 1251 2689 Eum
1292 2641 1492 2691 aetate
1530 2637 1719 2691 multo
1759 2638 2157 2706 posteriorem
2207 2652 2341 2692 esse
2380 2637 2757 2692 Boucherius
2796 2641 3053 2691 testatur
3092 2652 3216 2707 pag
3252 2636 3373 2690 495.

1000 2724 1058 2789 2)
1098 2724 1273 2795 Pagg
1312 2724 1396 2794 16,
1435 2725 1503 2780 19
1528 2739 1614 2795 sq.

1002 2813 1058 2877 3)
1104 2814 1385 2884 Denique
1422 2815 1657 2870 silentio
1696 2832 1818 2871 non
1872 2816 2389 2885 praetereundum
2436 2820 2527 2871 est
2584 2817 2765 2870 etiam
2821 2816 3113 2871 nonnulla
3151 2816 3529 2873 Ps-Dosithei
3585 2818 3773 2873 verba

791 2904 1069 2970 inveniri,
1111 2918 1270 2973 quae
1307 2903 1513 2958 Babrii
1551 2905 1716 2959 haud
1755 2904 2067 2960 dissimilia
2105 2906 2250 2959 sint:

1433 3082 1597 3137 Babr
1958 3073 1973 3083 ’
2131 3130 2140 3136 .
2938 3084 3168 3139 Ps·Dos

793 3222 829 3260 v
872 3206 965 3261 12:
1004 3207 1538 3275 κέρατα-ἑμπλακείς
2328 3209 2724 3263 ὲνπλακέντων
2785 3210 2942 3279 αὐτῷ
3005 3211 3264 3276 κεράτων
3342 3207 3629 3281 obliyatz's
3719 3208 3775 3265 ei

1560 3364 1571 3372 ,
2329 3295 2730 3367 (implicatus)
2769 3297 3061 3355 cornibus
3100 3329 3165 3338 —
3204 3301 3429 3368 (αὐτοῦ)

792 3402 833 3440 v
872 3386 967 3440 14:
1005 3386 1059 3440 οἱ
1096 3388 1205 3455 γὰρ
1242 3388 1414 3452 πόδες
1452 3387 1726 3457 μ’ἔσῳῑον
2329 3388 2400 3441 τὰ
2439 3390 2698 3457 σῴζοντα
2739 3389 2914 3442 αὐτὸν
2955 3404 3112 3459 quae
3149 3391 3476 3445 salvabant
3518 3405 3652 3444 eum

794 3492 835 3529 v
874 3475 969 3531 15:
1005 3476 1078 3531 τὰ
1114 3477 1322 3545 κέρατα
1359 3479 1422 3532 δὲ
1462 3479 1798 3545 προῦδωκεν
2331 3475 2429 3542 ὑφ’
2467 3478 2550 3530 ὧν
2586 3478 2923 3543 προδέδοται
2962 3495 3001 3533 α
3039 3477 3263 3548 quibus
3301 3481 3581 3548 deceptus
3618 3481 3767 3532 esset

2332 3565 2505 3634 (<per
2539 3567 2725 3634 quae>
2767 3569 2874 3621 dec
2911 3571 3075 3630 sum)

794 3683 995 3738 neque
1032 3675 1233 3725 tamen
1275 3670 1366 3725 his
1404 3670 1896 3725 similitudinibus
1935 3685 1971 3723 a
2009 3669 2310 3724 sententia
2366 3673 2571 3723 nostra
2607 3667 2892 3722 recedere
2930 3669 3223 3737 cogimur,
3273 3684 3408 3722 cum
3448 3669 3627 3723 etiam
3663 3685 3774 3725 eae

795 3759 1182 3825 variationes„
1221 3775 1381 3829 quae
1419 3761 1552 3816 aliis
1591 3759 1667 3814 de
1706 3760 1908 3814 causis
1932 3775 1965 3813 a
1996 3757 2218 3812 Babrio
2249 3759 2560 3827 profectae
2587 3773 2717 3813 esse
2744 3773 2866 3811 non
2894 3761 3160 3827 possunt,
3198 3758 3412 3811 mirum
3440 3758 3499 3811 in
3530 3758 3773 3812 modum

794 3848 984 3903 isdem
1020 3850 1149 3904 fere
1187 3849 1330 3903 locis
1368 3865 1505 3904 cum
1544 3853 1725 3918 poeta
1764 3850 2141 3919 congruant:

795 3964 959 4018 Babr
996 3981 1037 4019 v
1077 3965 1169 4024 12:
1210 3966 1419 4033 κέρατα
1457 3967 1755 4030 ἐμπλακεὶς
2400 3964 2526 4019 Κοι·
2568 3966 2748 4019 18183
2810 3969 2928 4018 τῶν
2992 3965 3247 4032 κεράτων
3324 3966 3500 4032 αὐτῆς
3573 3966 3775 4032 ἐμπλα-

2818 4055 3032 4108 κέντων

2571 4144 2759 4199 lslb:
2819 4146 3024 4211 συνέβη
3081 4146 3153 4199 τὰ
3210 4145 3417 4213 κέρατα
3471 4145 3649 4211 αὐτῆς
3686 4145 3775 4210 ἐμ·

2816 4237 3093 4300 πλακῆναι

936 4337 1017 4375 vv
1048 4320 1118 4375 14
1144 4337 1239 4391 sq:
1260 4321 1314 4375 οἰ
1339 4320 1447 4389 γὰρ
1476 4321 1647 4386 πόδες
1679 4321 1975 4391 μ’ἔσῳῑον,
1996 4321 2081 4386 οἷς
2106 4323 2238 4389 ἑπῃ·
2568 4324 2713 4378 181a
2736 4346 2803 4370 =
2826 4340 2950 4394 pag·
2985 4322 3186 4391 36415:
3228 4321 3325 4390 ὑφ’
3363 4323 3447 4376 ὧν
3486 4324 3586 4390 μὲν
3613 4324 3776 4392 ᾤμην

796 4409 1032 4478 δούμην,
1075 4408 1082 4481 Ι
1123 4412 1196 4465 τὰ
1233 4411 1441 4479 κέρατα
1480 4413 1541 4465 δὲ
1578 4412 1916 4479 προῦδωκεν
1955 4411 2042 4476 οἷς
2079 4413 2239 4477 ἑγαυ-
2819 4414 3292 4481 προδοθήσεσθαι,
3366 4414 3477 4466 ὑπὸ
3551 4414 3774 4466 τούτων

794 4499 1011 4567 ρούμην
2811 4504 3103 4572 ἐσῳζόμην

795 4606 937 4656 sunt
974 4618 1123 4673 ergo
1160 4603 1315 4657 haec
1354 4619 1476 4658 non
1514 4604 1738 4674 Babrii,
1803 4606 1910 4660 sed
1948 4608 2130 4661 fontis
2179 4608 2308 4663 eius
2348 4608 2645 4678 pedestris
2702 4608 2963 4677 propria.
3037 4606 3247 4675 itaque
3304 4609 3559 4675 apparet
3616 4604 3776 4658 hunc

797 4705 934 4745 cum
997 4677 1235 4747 Babrio'
1286 4682 1644 4748 consensum
1707 4695 1854 4749 nihil
1924 4696 2128 4751 valere
2202 4699 2285 4760 (cf
2347 4696 2886 4752 Christofferssonii
2965 4692 3180 4749 Studia
3237 4694 3313 4748 de
3370 4693 3567 4748 fontib
3630 4693 3774 4746 sabb

793 4778 1061 4835 Babrian
1119 4781 1318 4851 (Lund
1381 4782 1520 4837 1904
1579 4800 1702 4854 pag
1738 4784 1847 4849 58).
1925 4785 2170 4839 minime
2235 4791 2502 4851 ceterum
2562 4787 2621 4839 in
2688 4787 2849 4839 cervi
2918 4785 3091 4839 dictis
3153 4784 3366 4837 mirum
3426 4788 3533 4850 est,
3611 4782 3775 4851 quod

794 4870 1054 4925 Babrius
1092 4871 1187 4924 hic
1223 4872 1406 4926 fontis
1444 4874 1540 4927 sui
1578 4874 1834 4928 formam
1874 4874 2245 4929 verbotenus
2283 4877 2411 4929 fere
2461 4875 2773 4943 receperit.
2851 4874 3124 4927 obtinent
3163 4874 3321 4927 enim
3379 4872 3531 4927 haee
3586 4871 3777 4925 verba

796 4960 1253 5016 affabulationis
1311 4967 1371 5017 et
1407 4962 1603 5017 locum
1645 4967 1705 5017 et
1744 4965 1880 5018 vim.
1945 4979 2186 5032 semper
2225 4971 2426 5018 autem
2467 4965 2526 5016 in
2567 4963 2911 5017 fabularum
2951 4963 3196 5016 historia
3234 4962 3296 5015 id
3325 4959 3775 5015 observandum

794 5053 900 5116 est,
941 5049 1106 5119 quod
1133 5052 1464 5121 praecipue
1487 5068 1613 5108 eae
1651 5055 1989 5107 sententiae
2029 5053 2304 5120 morales,
2349 5068 2507 5122 quae
2545 5052 2806 5106 fabellae
2845 5052 3120 5122 personis
3158 5052 3303 5121 ipsis
3343 5051 3775 5115 attribuuntur,

794 5140 1040 5194 saecula
1079 5141 1428 5209 perdurant.
1506 5157 1627 5211 qua
1676 5142 1752 5196 de
1791 5141 1928 5212 lege
1983 5143 2151 5196 haud
2201 5143 2400 5195 minus
2459 5141 2772 5196 evidenter
2835 5141 2914 5214 de
2968 5140 3152 5211 vulpe
3210 5146 3267 5193 et
3324 5140 3498 5193 leone
3554 5136 3775 5191 fabella

795 5235 1049 5283 testatur
1087 5230 1168 5297 (cf
1210 5247 1333 5300 pag
1370 5232 1477 5298 26).
