4234 6017
1490 763 1594 830 Dc
1645 782 1847 830 mure
1897 765 1970 830 ct
2016 783 2196 830 rana
2244 765 2343 845 (cf
2380 786 2556 850 pagg
2602 765 2689 830 30
2709 768 2809 848 sq)

1900 922 2157 981 Ps·Dos
2195 922 2274 980 12
2312 921 2412 995 (6)

656 1035 944 1103 Βάτραχος
966 1041 1072 1102 μῦν
1112 1038 1332 1091 ἔπεισεν
1371 1040 1671 1104 κολυμβᾶν,
1709 1039 1778 1091 ού
1817 1038 1918 1092 τὸν
1943 1039 2093 1093 πόδα
2201 1039 2384 1093 Rana
2421 1053 2656 1093 murem
2693 1035 2890 1092 suasit
2926 1039 3157 1105 natare,
3209 1037 3385 1094 cuius
3417 1040 3636 1108 pedem

654 1127 797 1191 πρὸς
834 1127 936 1178 τὸν
970 1126 1117 1179 ἴδιον
1155 1127 1304 1180 πόδα
1342 1128 1560 1193 ἔδησεν.
1618 1130 1740 1182 εἶτα
1777 1129 1873 1182 ὅτε
1911 1127 1989 1191 εἰς
2023 1129 2092 1181 τὸ
2202 1127 2287 1181 ad
2320 1128 2535 1195 pedem
2573 1143 2755 1181 suum
2812 1125 3044 1197 ligavit.
3101 1125 3325 1182 deinde
3374 1145 3510 1182 cum
3566 1126 3636 1181 in

657 1214 813 1280 ὕδωρ
875 1216 1051 1268 αὐτὸν
1114 1216 1362 1283 ἀγηόχει,
1426 1217 1612 1281 καθὼς
1671 1218 1907 1284 ἔνυδρον
1944 1221 2094 1273 ζῶον
2202 1233 2365 1287 aqua
2383 1232 2518 1270 eum
2537 1216 2904 1283 adduxerat,
2923 1214 3084 1270 sicut
3110 1215 3382 1287 aquatile
3404 1215 3639 1271 animal

657 1303 798 1367 μετὰ
835 1309 1008 1371 χαρᾶς
1066 1305 1381 1358 κατέδυνεν.
1440 1307 1471 1358 6
1511 1311 1613 1370 μῦς
1651 1306 1712 1359 δέ
1751 1307 1828 1369 ώς
1865 1307 1926 1359 ἐν
1964 1305 2090 1359 ἀσυ·
2202 1322 2340 1362 cum
2379 1303 2611 1375 qaudio
2648 1305 2969 1374 merqebat.
3027 1321 3165 1359 mus
3222 1308 3427 1360 autem
3486 1309 3637 1360 tam-

655 1391 814 1458 νήθει
851 1394 1013 1460 τόπῳ
1053 1394 1283 1460 φύσεως
1322 1392 1462 1457 ἰδίας
1500 1395 1794 1460 κολυμβῶν
1815 1396 2090 1448 ἀπώλετο.
2152 1409 2178 1450 5
2199 1411 2386 1467 quam
2424 1392 2773 1449 inconsueto
2799 1394 2925 1448 loco
2952 1396 3213 1448 naturae
3239 1409 3386 1449 suae
3412 1398 3638 1449 natans

656 1482 798 1543 μετὰ
836 1482 896 1534 δέ
932 1488 1081 1548 τρεῖς
1118 1482 1326 1549 ἡμέρας
1364 1483 1534 1547 ἀσκὸς
1571 1485 1603 1538 6
1657 1489 1760 1550 μῦς
1809 1486 2093 1552 φυσωθεὶς
2201 1482 2379 1554 perit.
2447 1485 2590 1552 post
2628 1484 2830 1537 autem
2868 1483 2989 1536 tres
3028 1481 3160 1538 dies
3196 1485 3331 1537 uter
3369 1499 3506 1538 mus
3544 1481 3638 1536 in-

658 1573 951 1639 ἑκολύμβα,
1032 1573 1099 1626 ὃν
1161 1575 1530 1638 κολυμβῶντα
1609 1575 1811 1641 νεκρὸν
1885 1574 2095 1637 ἴκτινος
2200 1575 2388 1645 flatus
2419 1559 2693 1639 natabat,
2750 1587 2928 1641 quem
2982 1572 3294 1627 natantem
3330 1573 3641 1626 mortuum

656 1661 965 1725 πετόμενος
1002 1663 1274 1727 ἥρπασεν,
1315 1665 1404 1716 καὶ
1442 1667 1525 1731 τῷ
1564 1663 1719 1729 αὐτῷ
1758 1661 1894 1731 λίνῳ
1935 1663 1967 1716 6
2008 1662 2096 1727 βά-
2207 1659 2433 1719 milvus
2471 1662 2681 1716 volans
2717 1657 2952 1729 rapuit,
2991 1662 3045 1714 et
3081 1661 3287 1716 eodem
3324 1659 3451 1715 lino
3476 1677 3641 1716 rana

655 1766 860 1816 τραχος
885 1751 1273 1817 ἠκολούθησεν
1311 1753 1377 1805 ὃν
1416 1752 1625 1814 εὐθέως
1649 1754 1682 1805 6
1706 1752 1913 1814 ἴκτινος
1939 1752 2097 1804 κατέ·
2209 1754 2416 1806 secuta
2454 1752 2558 1818 est,
2596 1765 2784 1820 quam
2822 1747 3112 1804 continuo
3140 1748 3365 1804 milvus
3391 1752 3639 1805 devora-

657 1855 797 1892 πιεν.
837 1840 1021 1904 οὕτως
1058 1841 1179 1905 οὖν,
1233 1841 1296 1904 ὅς
1332 1858 1439 1894 τινι
1477 1839 1736 1898 κίνδυνον
1775 1846 1929 1904 κινεῖ.
1979 1841 2106 1894 έαυ-
2136 1856 2186 1895 ιο
2205 1840 2308 1895 vit.
2347 1838 2438 1895 sic
2478 1854 2638 1908 erqo,
2677 1836 2786 1908 qui
2826 1836 3017 1893 alicui
3046 1836 3397 1907 periculum
3433 1838 3639 1905 movet,

657 1929 759 1981 τὸν
798 1927 1009 1982 ἀπολεῖ.
2198 1946 2261 1985 se
2287 1927 2516 2000 perdit.

659 2044 713 2096 et
739 2045 807 2095 ut
832 2041 993 2097 venit
1020 2041 1086 2097 in
1112 2042 1484 2114 qurqite<m>
1508 2042 1787 2114 fluminis
1807 2044 1854 2097 P
1876 2046 1935 2099 cf
1953 2044 2192 2100 Phacdr
2231 2050 2292 2100 et
2318 2044 2464 2100 Rom
2511 2043 2535 2112 ΙΙ
2579 2044 2615 2097 2
2634 2059 2704 2113 sq
2742 2046 2831 2096 καὶ
2872 2045 2950 2107 ώς
2987 2045 3159 2109 ἦλθεν
3197 2043 3274 2107 εἰς
3320 2046 3642 2097 τιναλυστοι

660 2132 788 2196 (τὴν
840 2132 1040 2199 δίνηνῖ
1087 2138 1190 2186 τοῦ
1233 2133 1461 2196 Bouch)
1498 2137 1759 2198 ποταμοῦ
1796 2132 1845 2184 Ρ
1893 2133 1915 2199 ΙΙ
1965 2133 2088 2202 3sq
2130 2131 2264 2202 ipse
2301 2133 2474 2200 (rana
2489 2134 2523 2200 ἱ)
2562 2131 2806 2202 quidem
2847 2148 2971 2187 noa
3020 2130 3214 2202 periit
3251 2133 3421 2195 αὐτὸς
3459 2133 3513 2197 (6
3554 2132 3643 2197 βά-

660 2221 890 2286 τραχος)
932 2223 1031 2286 μὲν
1071 2220 1242 2289 <οῦκ>
1284 2223 1546 2275 ἀπώλετο
1584 2221 1631 2275 Ρ
1657 2221 1681 2289 ΙΙ
1705 2222 1829 2291 qu
1859 2223 2004 2290 post
2042 2221 2323 2277 triduum
2364 2220 2617 2292 inflatus
2652 2238 2793 2276 mus
2840 2236 3030 2291 super
3066 2236 3294 2291 aquam
3330 2221 3645 2290 ferebatur

662 2311 935 2375 φυσηθεὶς
972 2311 1004 2363 6
1044 2315 1147 2375 μῦς
1183 2310 1274 2364 ἐπὶ
1301 2316 1403 2364 τοῦ
1433 2312 1637 2374 ὕδατος
1663 2311 1899 2379 ἐφέρετο
1926 2310 1973 2363 Ρ
1999 2310 2022 2377 ΙΙ
2049 2312 2081 2365 7
2102 2326 2171 2380 sq
2208 2311 2369 2366 hunc
2402 2309 2626 2365 milvus
2660 2308 2874 2379 rapuit
2912 2316 3119 2365 τοῦτον
3156 2311 3363 2374 ἴκτινος
3400 2311 3644 2379 ἣρπαξεν

662 2398 708 2450 Ρ
734 2397 818 2464 119
854 2399 1172 2453 subsecuta
1209 2401 1297 2453 est
1335 2402 1389 2453 et
1427 2415 1587 2453 rana
1624 2401 2118 2466 συνηκολούθησεν
2160 2403 2248 2453 καὶ
2287 2401 2318 2452 6
2357 2401 2630 2468 βάτραχος
2669 2400 2714 2453 Ρ
2752 2402 2924 2469 11989
2964 2416 3025 2464 ος
3062 2402 3283 2463 αλλοτις
3323 2397 3645 2469 qui-alicui

662 2482 712 2535 L
750 2483 900 2538 dum
937 2482 1171 2554 aliquis
1211 2501 1289 2548 ως
1327 2488 1547 2549 αλλοτις
1583 2484 1630 2538 Ρ
1669 2500 1846 2556 crgo:
1887 2482 2228 2554 ali-quis=
2250 2488 2506 2549 αλλο·τις.

1701 2659 1886 2718 Bam·
1923 2660 2091 2717 Βοᾱι
2129 2660 2443 2731 Paraphr
2482 2637 2592 2717 1'91

1359 2777 1680 2846 Χερσαῑοςτ·
1721 2785 1825 2846 μῦς
1863 2780 2123 2848 βατράχῳ
2164 2785 2306 2848 κακῇ
2347 2778 2510 2847 μοίρῃ

664 2868 954 2934 ἐφιλιώθη.
993 2869 1025 2920 6
1062 2868 1125 2921 δέ
1165 2866 1439 2934 βάτραχος
1474 2873 1663 2932 κακῶς
1702 2870 2147 2934 βουλευσάμενος
2183 2870 2285 2923 τὸν
2321 2870 2471 2922 πόδα
2495 2873 2599 2922 τοῦ
2639 2870 2777 2933 μυὸς
2812 2872 2897 2936 τῷ
2938 2869 3145 2921 ἑαυτοῦ
3185 2868 3314 2920 ποδὶ
3354 2867 3645 2932 συνέδησε.

665 2958 756 3009 καὶ
793 2960 1024 3023 πρῶτον
1074 2958 1174 3022 μὲν
1213 2958 1303 3011 ἐπὶ
1340 2958 1441 3021 τὰς
1477 2959 1664 3024 χώρας
1703 2959 1878 3022 ἦλθον
1914 2964 2076 3012 σῖτον
2114 2958 2531 3026 δειπνήσοντες.
2589 2959 2782 3011 ἔπειτα
2839 2958 2902 3011 δὲ
2948 2961 3029 3025 τῷ
3075 2956 3242 3021 χείλει
3297 2960 3400 3022 τῆς
3453 2955 3648 3023 λίμνης

665 3046 1076 3112 πλησιάσαντες
1114 3048 1146 3099 6
1188 3048 1288 3112 μὲν
1328 3047 1601 3113 βάτραχος
1641 3048 1742 3100 τὸν
1782 3053 1888 3113 μῦν

1361 3136 1439 3200 εἰς
1473 3137 1575 3190 τὸν
1615 3137 1786 3201 βυθὸν
1826 3141 2070 3204 κατῆγεν
2107 3153 2139 3187 212
2178 3153 2208 3187 εκ
2246 3153 2295 3204 ιιι,

1360 3226 1531 3298 αὐτὸς
1571 3226 1827 3292 βρυάζών
1868 3225 1992 3294 [τῷ]
2032 3227 2193 3279 ὕδατι
2227 3227 2316 3278 καὶ
2357 3225 2548 3291 <αὖθις
2586 3223 2866 3290 ἑκκύψας>

1359 3315 1426 3367 τὸ
1467 3315 1784 3381 βρεκεκεκὲξ
1823 3316 1955 3369 κοὰξ
1997 3312 2196 3382 <κοάξ>
2237 3313 2581 3379 ἀνακράζων.

1363 3405 1395 3455 6
1433 3402 1483 3455 δ’
1524 3403 1715 3466 ἄθλιος
1752 3408 1856 3470 μῦς
1897 3405 2059 3457 ὕδατι

667 3493 941 3556 φυσηθεὶς
981 3490 1269 3557 ἐτεθνήκει
1307 3492 1533 3544 ἐπέπλει
1570 3493 1632 3545 δέ
1670 3497 1753 3560 τῷ
1790 3494 1922 3545 ποδὶ
1963 3497 2066 3547 τοῦ
2115 3492 2393 3559 βατράχου
2432 3490 2850 3556 συνδεδεμένος.
2907 3489 3113 3552 ἴκτινος
3150 3489 3211 3542 δέ
3247 3493 3456 3541 τοῦτον
3513 3487 3647 3540 ἰδὼν

667 3586 786 3643 τοῖς
822 3581 1007 3635 ὄνυξιν
1044 3582 1325 3646 ἥρπασεν·

1926 3671 2201 3738 βάτραχος
2239 3672 2299 3724 δέ
2339 3670 2632 3736 δεσμώτης

1363 3761 1735 3825 ἐπηκολούθει
1773 3761 1999 3813 δεῖπνον
2038 3759 2211 3823 αὐτὸς
2249 3758 2438 3826 ἰκτίνῳ

667 3831 985 3895 γενόμενος.

1387 4115 1492 4182 De
1541 4119 1762 4199 'puero
1814 4117 1888 4183 ct
1935 4114 2317 4199 scorpione
2366 4115 2475 4195 (cf.
2527 4136 2705 4200 pagg
2751 4115 2947 4196 3lsq)

1911 4268 2171 4326 Pus-Dos
2209 4267 2289 4327 10
2330 4267 2432 4342 (4)

672 4411 912 4466 Παιδίον
951 4411 1029 4475 εἰς
1067 4412 1205 4476 ὕλην
1245 4410 1472 4478 ἀκρίδας
1519 4413 1780 4478 θηρεύων
1827 4412 2109 4477 ἐπεστάθη
2221 4412 2384 4464 Puer
2420 4408 2488 4463 in
2526 4406 2748 4463 silvam
2786 4408 3048 4462 locustas
3102 4402 3352 4473 capiens
3408 4399 3655 4457 adstetit

674 4501 810 4570 λίθῳ
867 4501 996 4567 τινί,
1051 4501 1129 4564 εἰς
1188 4502 1254 4554 ὃν
1312 4500 1578 4568 σκορπίος
1635 4502 1918 4566 ἐκρύβετο,
1975 4501 2041 4552 ὅν
2079 4500 2111 4552 6
2221 4497 2424 4569 lapidi
2480 4495 2786 4567 cuiquam,
2844 4495 2911 4551 in
2951 4511 3070 4566 quo
3126 4491 3369 4561 scorpio
3418 4493 3653 4558 latebat,

674 4597 801 4655 παῖς
839 4591 1086 4656 ἐβιάζετο
1126 4591 1248 4643 ἀντὶ
1275 4590 1501 4656 ἀκρίδος
1522 4591 1777 4644 ἐξελθεῖν.
1820 4591 1865 4658 ᾧ
1894 4593 1924 4643 6
1951 4602 2110 4654 σκορ·
2222 4603 2399 4660 quem
2430 4602 2591 4655 puer
2628 4585 3083 4653 compell<e>bat
3119 4584 3335 4638 contra
3361 4582 3655 4636 locustam

674 4680 801 4744 πίος
836 4680 1013 4745 λέγει·
1071 4680 1194 4746 ὅρα,
1238 4681 1427 4746 τάλας,
1481 4681 1554 4745 μή
1595 4680 1672 4743 ώς
1710 4679 1806 4743 ἐμὲ
1857 4678 2112 4745 θηρεύεις
2222 4674 2407 4732 exire.
2465 4672 2565 4729 cui
2602 4672 2843 4742 scorpio
2884 4671 3059 4727 dicit:
3123 4670 3258 4725 vide
3317 4668 3521 4735 miser,
3582 4685 3657 4722 ne

674 4771 915 4823 σεαυτὸν
991 4770 1290 4837 ἀπολέσῃς.
1365 4770 1534 4832 οὗτος
1584 4770 1615 4821 6
1672 4772 1846 4833 μῦθος
1906 4783 2117 4834 παραγ·
2178 4766 2373 4820 mlum
2414 4779 2508 4818 me
2545 4761 2736 4831 capi-9,
2801 4765 2854 4816 te
2914 4762 3156 4830 perdas.
3235 4761 3380 4813 haec
3436 4757 3658 4827 fabula

674 4860 856 4923 γέλλει
891 4859 1067 4924 μηδὲν
1103 4863 1332 4913 τοιοῦτο
1369 4861 1601 4925 τολμᾶν,
1654 4858 1685 4911 ὅ
1723 4860 1875 4911 ἐστιν
1915 4857 2115 4911 ἐπικίν-
2224 4850 2536 4923 praedicit
2607 4850 2766 4906 nihil
2835 4851 2952 4905 tale
3027 4849 3267 4916 audere,
3349 4848 3512 4918 quod
3574 4848 3657 4901 est

677 4952 864 5002 δυνον.
2218 4940 2651 5013 periculosum.

679 5067 707 5118 1
749 5064 817 5118 in
855 5062 1013 5120 silva
1051 5064 1111 5118 ἐν
1152 5065 1254 5132 ὕλῃ
1298 5063 1322 5131 ΙΙ
1364 5064 1399 5116 2
1436 5064 1547 5117 sub
1589 5079 1708 5133 quo
1746 5061 1845 5129 ὑφ’
1884 5062 1953 5117 οὗ
1996 5061 2019 5128 ΙΙ
2063 5062 2097 5115 3
2135 5059 2615 5128 compellabatur
2653 5057 2702 5110 L
2738 5056 2998 5123 (vitiose)
3054 5057 3310 5109 fortasse
3350 5070 3384 5107 e
3421 5055 3660 5122 graecis

676 5154 924 5220 ἐβιάζετο
984 5160 1335 5222 corruptum
1391 5152 1728 5207 conabatur
1764 5151 1811 5205 P
1851 5153 1963 5205 hoc
1996 5153 2203 5204 autom
2268 5164 2388 5202 non
2445 5147 2754 5216 significat
2809 5147 3054 5211 ἐβιάζετο
3113 5146 3170 5198 cf
3213 5144 3422 5198 Bouch
3471 5144 3495 5209 ΙΙ
3537 5158 3659 5211 pro

676 5245 907 5299 locusta
947 5244 992 5297 Ρ
1018 5242 1100 5308 116
1135 5241 1354 5311 fabula
1385 5239 1698 5310 praecipit
1737 5241 1797 5294 P.

4187 967 4224 1056 μ]
4205 895 4222 956 kk
4187 674 4222 856 ᾼᾉ-Λ,
4209 585 4220 662 --ιζ
4184 287 4221 534 ᾼ-ιῒῌψ

4203 2183 4231 2324 ...Δὶ
4183 1881 4231 2158 ᾤ’ἱμ
4205 1579 4228 1834 „—-..-¹u
