4234 6017
1941 437 2294 492 ...26-

627 615 1195 700 ἐπισκε<ψ>όμενα
1239 616 1617 694 εἰσήρχοντο
1666 595 1915 700 (εἰσῄει)
2171 639 2210 682 ν
2259 621 2334 681 8:
2384 616 2884 694 ἐπισκοπήσων.
2915 665 2928 680 .
2960 665 2973 681 .
3002 617 3273 695 ἕκαστος
3322 617 3520 702 εἰσῄει

627 724 866 801 εὐθέως
914 724 1222 790 continuo
1270 722 1508 800 ἐστάθη
2171 745 2209 789 ν
2259 724 2328 788 9:
2380 724 2613 803 ἐφεξῆς

2172 852 2213 895 ν
2265 832 2374 895 12:
2424 834 2738 895 σταθεῖσα

627 937 1051 1017 ἐπερωτηθείς
1101 937 1429 1019 (-ἐῑσα),
1477 937 1536 1001 τί
1582 936 1699 1001 οὐκ
1731 937 2062 1015 εἰσήρχετο
2174 958 2257 1002 vv
2310 938 2411 1020 12,
2464 938 2574 1001 14:
2624 936 2924 1016 ἐπηρώτα
2950 985 2965 1002 .
2996 989 3011 1005 .
3040 984 3055 1002 .
3086 938 3144 1001 τί
3192 936 3374 1002 δὀὐκ
3403 952 3609 1017 προσ-

2421 1065 2452 1108 ε

628 1151 764 1229 ὁρῶ
812 1150 1281 1230 εἰσερχομένων
1311 1148 1477 1231 ἴχνη,
1527 1150 1960 1230 ἐξερχομένων
1984 1152 2063 1215 δὲ
2174 1173 2257 1217 vv
2310 1151 2389 1217 18
2413 1063 2837 1233 εὲξῃπολλῶν
2882 1150 3006 1230 γὰρ
3053 1150 3198 1230 ἴχνη
3247 1152 3489 1230 θηρίων
3536 1173 3612 1231 με

598 1256 705 1321 -οὐ
2418 1257 2649 1324 κωλύει
2680 1261 2689 1335 Ι
2720 1255 2813 1321 ὧν
2859 1256 3162 1324 ἐξιόντων
3209 1256 3326 1322 οὐκ
3371 1257 3537 1337 ἔχεις
3571 1258 3610 1322 ὅ

2412 1385 2518 1444 μοι
2565 1363 2788 1442 δείξεις

848 1540 921 1604 In
969 1539 1068 1606 his
1114 1545 1326 1605 autem
1361 1538 1599 1605 frustra
1639 1558 1912 1622 quaeras
1945 1540 2141 1606 verba
2190 1546 2255 1605 et
2293 1538 2663 1622 sententias,
2714 1557 2880 1620 quae
2911 1537 3050 1604 iure
3082 1537 3302 1603 Babrii
3352 1540 3611 1624 propria

627 1646 843 1712 vocari
893 1647 1156 1731 possint.
1251 1653 1462 1732 potest
1510 1667 1664 1730 ergo
1711 1648 1903 1713 etiam
1953 1645 2113 1712 haec
2185 1647 2605 1731 congruentia
2652 1643 2738 1711 ad
2785 1645 3149 1731 Aesopeam
3196 1644 3610 1711 traditionem

627 1753 956 1837 vulgarem
1004 1752 1236 1819 redire.
1330 1773 1536 1836 neque
1584 1761 1796 1819 tamen
1846 1755 1908 1818 in
1958 1753 2342 1819 coniecturis
2389 1753 2799 1846 acquiescere
2847 1751 3176 1818 debemus.
3254 1750 3370 1817 sed
3414 1753 3608 1817 etiam

629 1866 807 1926 certa
880 1860 1067 1925 buius
1113 1859 1311 1925 fontis
1367 1861 1644 1945 vestigia
1690 1859 1859 1946 apud
1932 1861 2304 1943 magistrum
2377 1859 2803 1925 inveniuntur.
2876 1878 2955 1924 ea
3024 1858 3213 1938 enim,
3285 1878 3451 1940 quae
3497 1860 3608 1924 Ps-

631 1966 973 2033 Dositheus
1021 1967 1276 2052 vulpem
1324 1967 1491 2032 leoni
1541 1968 1895 2050 quaerenti,
1948 1988 2058 2032 cur
2105 1988 2232 2032 non
2279 1969 2345 2031 in
2402 1967 2775 2052 speluncam
2831 1966 3075 2048 intret‚·
3116 1964 3609 2050 respondentem

626 2074 807 2157 facit,
880 2094 1020 2138 cum
1092 2074 1341 2157 ceteris,
1414 2094 1578 2158 quae
1640 2073 1821 2139 nobis
1880 2073 2159 2139 traditae
2207 2081 2373 2155 sunt,
2445 2072 2907 2138 variationibus
2978 2071 3413 2137 conferentem
3483 2092 3607 2137 non

632 2180 870 2264 effugit
943 2180 1114 2245 illum
1204 2178 1303 2245 his
1398 2179 1656 2263 quidem
1744 2181 1944 2246 multo
2031 2181 2295 2266 propius
2384 2179 2466 2245 ad
2546 2180 2908 2264 Syntipam‚
3002 2177 3282 2244 Koraisii
3371 2178 3609 2244 formas

632 2288 800 2351 137²
851 2294 914 2352 et
965 2308 1097 2372 pag
1128 2288 1258 2352 336
1307 2324 1392 2333 —-
1442 2293 1755 2353 testantur
1802 2287 1864 2351 hi
1915 2308 1992 2352 eo
2040 2288 2201 2372 ips0,
2283 2286 2453 2370 quod
2501 2287 2623 2351 hac
2670 2305 2751 2351 ex
2797 2292 2980 2370 parte
3030 2285 3455 2367 consentiunt,
3513 2284 3609 2360 ‚de

627 2396 921 2480 Aesopca
993 2415 1110 2460 sua
1179 2395 1377 2479 stirpe
1434 2394 1749 2459 communi
1797 2432 1882 2441 ——-
1932 2414 2122 2477 quam
2193 2393 2278 2459 ad
2334 2394 2635 2458 Babrium
2685 2391 3031 2458 accedere:
3112 2392 3381 2485 Syntip:
3450 2392 3491 2470 ἡ
3539 2392 3611 2455 δέ

633 2501 898 2580 ἀλώπηξ
945 2501 1335 2583 ἀντέφησεν,
1385 2501 1475 2579 ώς
1526 2504 1788 2566 πολλῶν
1832 2501 1977 2580 ἴχνη
2027 2502 2305 2566 ἐνταῦθα
2338 2501 2590 2579 ἑώρακα
2656 2498 3086 2565 εἰσελθόντων
3135 2500 3268 2581 μὲν,
3317 2501 3396 2577 μὴ
3444 2498 3606 2580 ἐξελ-

628 2610 880 2674 θόντων
914 2608 1005 2672 δέ.
1040 2645 1128 2654 —
1163 2608 1295 2672 Kor
1335 2609 1454 2672 137
1476 2616 1539 2672 ⁸:
1587 2609 1624 2686 ἡ
1659 2607 1922 2686 ἀλώπηξ
1955 2607 2112 2688 ἔφη·
2163 2607 2260 2672 ὅτι
2294 2608 2430 2686 ὁρῶ
2462 2607 2605 2686 ἴχνη
2652 2610 2918 2672 πολλῶν
2965 2606 3323 2688 εἰσιόντων,
3372 2604 3606 2681 ὀλίγων

628 2716 700 2779 δὲ
746 2716 1065 2782 ἐξιόντων.
1112 2751 1197 2761 ——
1247 2715 1381 2780 Kor
1428 2735 1560 2800 pag
1607 2715 1769 2779 336:
1843 2713 1984 2780 ἀλλ’
2035 2714 2237 2792 ἔγωγε
2284 2699 2588 2792 εἰσῆλθον
2635 2714 2738 2795 ἂν,
2809 2714 2863 2778 εἰ
2919 2715 2999 2794 μὴ
3066 2713 3290 2792 ἑώρων
3344 2715 3609 2776 πολλῶν

630 2821 967 2888 εἰσιόντων
1023 2821 1191 2902 ἴχνη,
1241 2822 1527 2899 ἐξιόντος
1583 2823 1652 2886 δέ
1693 2814 1964 2902 οὐδενός
2022 2822 2114 2901 (cf
2147 2821 2439 2887 Themist
2487 2822 2647 2886 Erot
2696 2822 2889 2901 1740)
2918 2821 2988 2899 ¹).
3081 2828 3177 2885 est
3226 2839 3380 2903 ergo
3428 2826 3613 2883 extra

628 2928 1089 2994 dubitationem
1140 2928 1630 2993 Ps-Dositheum
1683 2929 1787 2994 hic
1834 2950 1957 2993 non
2016 2929 2340 3010 Babrium,
2414 2927 2529 2993 sed
2574 2930 2896 3012 Aesopum
2948 2927 3273 3010 vulgarem
3321 2932 3609 2992 secutum

627 3051 793 3097 esse.
886 3033 1084 3100 nihilo
1131 3035 1331 3101 setius
1379 3043 1592 3100 autem
1642 3056 1786 3100 eum
1820 3037 2051 3101 ceteris
2083 3037 2243 3100 locis
2274 3056 2400 3101 non
2433 3036 2699 3100 multum
2735 3056 2775 3098 a
2808 3034 3046 3099 Babrio
3095 3032 3336 3099 distare
3370 3033 3611 3118 optime

625 3137 1218 3224 indeexplanatur,
1270 3142 1440 3224 quod
1490 3144 1552 3206 in
1602 3142 1725 3207 hac
1773 3142 2029 3224 quidem
2077 3142 2319 3207 fabella
2356 3140 2810 3226 componenda
2855 3147 3050 3226 poeta
3083 3141 3315 3225 etipse
3351 3140 3606 3205 minime

627 3246 710 3310 ab
744 3246 1055 3340 Aesopea
1104 3248 1448 3314 traditione
1496 3248 1811 3315 discessit.

839 3386 1008 3451 Huic
1056 3408 1181 3452 non
1227 3395 1544 3472 repugnat
1592 3387 2124 3452 affabulationum
2174 3369 2611 3470 congruentia.
2707 3386 2925 3450 Babrii
2973 3386 3138 3450 enim
3186 3384 3609 3470 epimythium

626 3492 896 3556 alterum
967 3495 1247 3577 spurium
1316 3514 1456 3559 esse
1522 3494 1748 3580 procul
1816 3493 2020 3558 habeo
2088 3493 2577 3573 dubitatione2).
2671 3493 2949 3576 genuino
2996 3513 3151 3575 crgo
3200 3514 3236 3558 e
3286 3493 3522 3557 Babrio
3569 3514 3609 3557 a

625 3600 932 3684 magistro
981 3600 1424 3686 depromptum
1483 3622 1623 3668 esse
1670 3622 1795 3666 non
1861 3607 2094 3686 potest.
2190 3608 2406 3666 tamen
2452 3600 2863 3667 Ps-Dosithei
2922 3601 3313 3685 temporibus
3377 3601 3607 3685 po'etae

624 3707 901 3782 fortasse
948 3709 1075 3772 iam
1124 3715 1260 3773 erat
1310 3710 1779 3794 interpolatum.
1830 3746 1913 3755 —-
1963 3708 2077 3773 sed
2148 3715 2213 3772 et
2262 3709 2392 3773 alia
2439 3715 2651 3792 potest
2699 3709 2895 3773 statui
2943 3708 3126 3772 ratio.
3223 3706 3392 3792 baud
3442 3708 3607 3772 enim

626 3834 891 3897 parvum
926 3814 1382 3880 Babrianorum
1418 3815 1912 3899 epimythiorum
1945 3835 2293 3898 numerum,
2342 3816 2592 3880 etiamsi
2625 3816 2682 3879 ei
2719 3815 2841 3900 ipsi
2873 3835 2999 3880 non
3029 3815 3113 3879 sit
3145 3813 3609 3896 attribuendus,

625 3919 824 3987 nihilo
871 3921 1078 3986 minus
1124 3922 1282 3986 satis
1331 3942 1470 3987 esse
1518 3924 1846 4004 antiquum
1896 3941 1975 3986 ex
2024 3941 2240 3987 eorum
2276 3931 2548 4007 apparet
2582 3941 2723 3987 cum
2759 3919 3179 3987 Phaedriaois
3212 3923 3607 4000 consensuss).

627 4034 808 4091 erant
855 4047 1010 4111 ergo
1058 4029 1186 4093 iam
1234 4028 1656 4113 pervulgatae
1729 4049 1842 4114 per
1901 4030 2258 4113 Aesopeam
2332 4028 2760 4126 traditionem.
2855 4029 2917 4092 in
2968 4027 3239 4094 eandem
3309 4048 3474 4093 nunc
3522 4034 3610 4093 -et

626 4133 1090 4200 Ps-Dositheus
1137 4142 1202 4200 et
1248 4135 1321 4209 is,
1371 4136 1478 4218 qui
1511 4136 1748 4201 Babrio
1795 4134 2211 4221 interpolavit
2259 4135 2685 4221 epimythium
2731 4136 3020 4217 alterum,
3065 4134 3608 4214 ‘librarius-redire

624 4248 911 4324 possunt.

846 4563 896 4629 1)
936 4562 1013 4618 Of
1045 4565 1224 4619 etiam
1263 4563 1399 4617 Plat
1436 4563 1544 4617 Alc
1588 4564 1688 4617 123
1713 4562 1792 4617 A:
1835 4564 2045 4627 πολλὰς
2081 4564 2187 4629 γὰρ
2226 4564 2335 4628 ἤδη
2374 4561 2571 4628 γενεὰς
2609 4561 2914 4628 εἰσέρχεται
2954 4563 3055 4627 μὲν
3092 4561 3297 4614 αὐτόσε
3336 4559 3390 4613 ἐξ
3436 4557 3605 4612 ἁπάν-

625 4668 743 4704 των
780 4656 898 4705 τῶν
936 4652 1237 4719 Ἑλλήνων,
1295 4654 1560 4716 πολλάκις
1598 4654 1659 4706 δέ
1697 4654 1786 4706 καὶ
1834 4654 1896 4706 ἐκ
1933 4657 2051 4705 τῶν
2092 4655 2406 4719 βαρβάρων,
2465 4653 2741 4718 ἐξέρχεται
2782 4652 2844 4704 δέ
2882 4652 3162 4718 οὐδαμόσε
3199 4647 3322 4703 ἀλλ’
3358 4649 3607 4713 ἀτεχνῶς

626 4741 768 4793 κατὰ
821 4742 922 4794 τὸν
961 4742 1227 4796 Αἰσώπου
1286 4746 1480 4810 μῦθον,
1537 4743 1604 4795 ὃν
1641 4744 1676 4807 ἡ
1718 4742 1946 4807 ἀλώπηξ
2002 4744 2140 4808 πρὸς
2179 4743 2280 4794 τὸν
2336 4743 2539 4794 λέοντα
2578 4743 2752 4824 εἶπεν,
2809 4743 2899 4794 καὶ
2952 4746 3057 4793 τοῦ
3107 4739 3183 4803 εἰς
3220 4737 3607 4802 Λακεδαίμονα

624 4829 965 4894 νομίσματος
1002 4830 1275 4894 εἰσιόντος
1313 4833 1412 4895 μὲν
1451 4832 1522 4884 τὰ
1560 4832 1685 4897 ἴχνη
1726 4832 1797 4883 τὰ
1836 4831 2013 4883 ἐκεῖσε
2051 4832 2403 4897 τετραμμένα
2431 4832 2588 4895 δῆλα,
2630 4831 2872 4894 ἐξιόντος
2909 4831 2970 4883 δὲ
3010 4831 3228 4896 οὐδαμῇ
3268 4830 3338 4882 ἄν
3362 4844 3447 4891 τις
3480 4828 3608 4880 ἴδοι.

836 4932 891 4999 2)
932 4933 1098 4987 Idem
1149 4942 1209 4988 et
1245 4934 1626 4988 Hohmannio
1684 4936 1768 5000 (cf
1805 4950 1930 5003 pag·
1969 4935 2035 4987 19
2074 4934 2195 4987 adn
2223 4934 2279 5000 3)
2339 4934 2640 5002 placuisse
2699 4932 2958 4999 videtur,
3019 4949 3155 4987 cum
3198 4948 3370 5002 pagg
3407 4932 3478 4986 80
3498 4947 3608 5001 sqq

624 5023 781 5077 hanc
821 5024 1320 5078 affabulationem
1362 5025 1604 5079 omnino
1644 5041 1767 5079 non
1808 5025 2095 5094 dignetu1
2140 5025 2577 5092 disquisitione.

834 5126 891 5194 3)
932 5125 1002 5180 Cf
1057 5127 1297 5195 exempl
1354 5143 1457 5195 gr:
1515 5127 1754 5181 Phaedr
1801 5125 1883 5180 15
1936 5126 2264 5195 (promyth)
2307 5155 2372 5165 —
2412 5123 2574 5180 Babr
2612 5126 2711 5191 673
2764 5125 3005 5180 Phaedr
3041 5126 3069 5179 I
3094 5126 3163 5179 13
3202 5153 3267 5163 ——-
3307 5125 3470 5179 Babr
3510 5124 3606 5192 ,773

622 5213 861 5268 Phaedr
899 5213 1012 5268 124
1050 5244 1113 5253 ——
1155 5216 1316 5270 Babr
1352 5215 1422 5269 28
1461 5222 1554 5270 etc
1594 5216 1675 5283 (cf
1714 5216 2045 5270 Thieleium
2103 5217 2165 5268 in
2205 5216 2466 5269 Hermae
2521 5216 2829 5271 volumine
2866 5214 3006 5268 XLI
3046 5229 3216 5284 pagg
3254 5213 3360 5269 568
3383 5214 3536 5283 sqq).
