4234 6017
203 4749 229 5954 *w*
204 4385 219 4720 -————7„
204 3959 209 4336 ——2ffi-ffi—*

2075 393 2430 493 „15⁴-

967 614 1181 686 Etiam
1250 617 1358 686 hic
1415 619 1785 705 magistrum
1840 618 2381 704 deprehendimus
2426 617 2512 684 ad
2560 617 2922 685 Phaedrum
2974 624 3039 685 et
3083 614 3444 703 Romulum,
3490 641 3613 687 non
3662 615 3748 687 ad

754 728 1063 793 Babrium
1113 726 1376 811 eiusque
1422 726 1780 793 imitatores
1825 732 2247 812 spectantem.

972 833 1326 901 Intercedit
1372 840 1587 900 autem
1633 834 1982 919 praecipue
2030 832 2194 899 haec
2240 833 2407 899 inter
2454 853 2564 899 eos
2612 833 3009 900 differentia.
3103 832 3166 899 in
3200 834 3440 902 Babrio
3486 836 3652 901 enim
3687 843 3752 902 et

756 943 820 1006 in
868 942 970 1025 iis,
1039 942 1148 1024 qui
1196 960 1277 1006 ex
1325 959 1400 1006 eo
1449 939 1837 1027 dependent,
1886 960 2002 1026 pro
2051 947 2411 1006 ceterorum
2478 959 2656 1006 mure
2701 941 2947 1006 urbano
3013 941 3396 1008 substitutus
3453 948 3551 1008 est
3611 964 3750 1009 mus

755 1049 1175 1115 domesticus:
1223 1048 1396 1114 Babr
1428 1069 1470 1115 v
1500 1050 1576 1114 2:
1626 1047 1665 1112 ὃ
1697 1045 1843 1113 δ’ἑν
1873 1048 2155 1127 ταμείοις
2188 1048 2560 1113 πλουσίοισι
2592 1048 2933 1133 φωλεύων,
2981 1069 3022 1114 v
3045 1052 3118 1114 4:
3151 1048 3190 1114 ό
3224 1046 3281 1113 δ’
3315 1049 3638 1130 οἰκόσιτος
3674 1081 3740 1105 --

759 1157 895 1223 Κοι·
940 1153 1144 1222 30112:
1217 1156 1256 1222 ό
1288 1157 1360 1221 δὲ
1407 1155 1755 1240 οἰκόσιτος,
1816 1153 2000 1240 Myth
2054 1157 2138 1219 10
2185 1177 2225 1221 v
2256 1156 2327 1221 3:
2400 1155 2477 1235 ὃς
2524 1156 2597 1221 δὲ
2653 1156 2950 1236 δόμοισιν
2997 1157 3072 1222 ἑν.
3138 1155 3427 1238 ἀφνειῶν
3491 1159 3747 1240 τρέφετ’

760 1263 1018 1345 ἀνδρῶν
1037 1266 1103 1343 1).

972 1370 1105 1437 Res
1153 1389 1308 1454 ergo
1356 1389 1426 1436 se
1474 1369 1672 1436 habet
1721 1369 1832 1436 ita.
1926 1368 2201 1435 Babrius
2247 1368 2683 1435 recensionem
2732 1370 3002 1455 praebet
3046 1390 3307 1456 prorsus
3339 1372 3746 1456 singularem,

763 1497 905 1543 cum
966 1475 1432 1543 Ps·Dositheus
1502 1476 1832 1560 vulgarem
1894 1482 2199 1558 sequatur
2246 1473 2673 1546 traditionem.
2770 1475 2993 1542 Orusio
3041 1483 3107 1543 et
3153 1477 3544 1544 Hausrathio
3592 1499 3748 1564 ergo

668 1637 677 1642 .
762 1585 816 1650 si
848 1581 1213 1667 accederes,
1262 1603 1388 1649 non
1438 1583 1557 1648 tibi
1606 1582 2174 1648 demonstrandum
2218 1588 2387 1649 esset
2439 1583 2812 1667 magistrum
2849 1604 2888 1648 a
2929 1583 3168 1649 Babrio
3216 1605 3341 1649 non
3391 1585 3748 1670 profectum

763 1711 905 1758 esse
950 1727 1036 1737 —
1084 1690 1208 1756 hoc
1252 1690 1321 1755 in
1366 1696 1667 1776 promptu
1715 1689 2254 1772 manifestumque
2302 1696 2401 1755 est
2446 1725 2554 1772 —-,
2604 1687 2719 1755 sed
2767 1688 2856 1772 id,
2906 1709 3019 1755 cur
3060 1689 3167 1756 ille
3200 1691 3267 1756 id
3299 1691 3528 1777 ipsum,
3578 1691 3749 1775 quod

766 1797 987 1864 Babrii
1035 1797 1362 1883 proprium
1410 1804 1530 1880 est,
1578 1816 1705 1862 non
1752 1797 2124 1881 recepisset.
2602 1867 2612 1875 ,
2923 1869 2928 1874 .

977 1904 1303 1990 Deinceps
1350 1904 1414 1969 in
1462 1903 1700 1970 Babrio
1749 1904 2069 1988 expressis
2115 1904 2331 1969 verbis
2378 1909 2802 1988 enumeratur,
2851 1903 3082 1987 quibus
3129 1902 3382 1971 deliciis
3428 1924 3637 1972 mures
3684 1907 3749 1971 in

771 2010 986 2078 divitis
1034 2011 1200 2077 cella
1244 2010 1538 2076 fruantur
1602 2017 1676 2076 ut
1720 2009 1890 2094 ficia,
1960 2010 2280 2096 palmulis,
2345 2011 2554 2095 melle,
2623 2030 2831 2079 caseo,
2925 2031 3308 2095 quamquam
3379 2032 3460 2078 ne
3527 2013 3591 2077 in
3641 2014 3751 2080 Ps-

768 2116 1080 2183 Dositheo
1129 2116 1388 2201 quidem
1434 2117 1690 2183 silentio
1737 2117 2142 2203 praeteritur,
2208 2117 2463 2202 qualem
2512 2118 2723 2183 cibum
2771 2137 2912 2183 mus
2957 2119 3237 2185 urbanus
3283 2118 3445 2184 muri
3511 2121 3750 2185 rustico

767 2230 1073 2310 apponat,
1123 2231 1338 2291 tamen
1386 2230 1692 2308 quantum
1741 2223 1984 2290 distant
2030 2223 2194 2290 haec
2240 2224 2323 2290 ab
2371 2224 2517 2306 illis,
2566 2224 2795 2308 quibus
2825 2225 2888 2289 in
2923 2224 3161 2290 Babrio
3193 2227 3565 2291 vescuntur!
3602 2247 3751 2291 nam

767 2331 1031 2398 caedem
1079 2333 1266 2416 ficus,
1317 2332 1547 2415 quibus
1593 2330 1767 2417 apud
1801 2331 2101 2396 Babrium
2140 2330 2323 2397 dives
2369 2350 2509 2396 mus
2541 2329 2929 2398 domesticus
2974 2331 3187 2415 alitur,
3232 2331 3299 2396 in
3331 2331 3752 2398 Ps-Dositheo

768 2437 938 2505 inter
972 2438 1363 2506 cotidianam
1396 2440 1672 2525 agrestis
1703 2438 1900 2504 muris
1924 2439 2227 2523 pauperis
2248 2457 2457 2503 escam
2486 2436 2819 2503 habentur.
2868 2457 3007 2504 mus
3031 2443 3246 2504 autem
3280 2439 3559 2505 urbanus
3578 2438 3751 2524 apud

766 2547 1141 2631 magistrum
1190 2546 1432 2632 hospiti
1480 2545 1710 2629 carnis,
1759 2545 2222 2631 placentarum,
2270 2543 2540 2630 piscium
2591 2545 2843 2629 copiam
2889 2545 3177 2630 praebet.
3272 2544 3441 2628 quod
3476 2546 3751 2628 quadam

773 2654 1019 2720 ratione
1069 2673 1209 2718 cum
1257 2653 1512 2719 Horatii
1560 2653 1858 2720 convivio
1929 2652 2208 2718 conferri
2279 2658 2515 2737 potest.
2609 2651 2855 2717 inducit
2923 2652 3090 2717 enim
3141 2647 3497 2718 Venusinus
3560 2660 3754 2739 poeta

768 2781 980 2827 mures
1026 2762 1091 2825 in
1140 2760 1361 2826 divitis
1409 2758 1598 2825 domo
1646 2760 1746 2841 iis,
1819 2779 1984 2842 quae
2031 2761 2111 2824 de
2163 2780 2406 2845 mayna
2453 2780 2617 2824 cena
2666 2761 2733 2841 (v
2771 2759 2918 2839 104)
2965 2766 3360 2844 supererant,
3431 2779 3500 2825 se
3547 2759 3753 2825 delec-

771 2872 1004 2933 tanteS.
1101 2887 1268 2950 quae
1318 2873 1490 2932 certe
1538 2865 1853 2932 nobiliora
1900 2872 2082 2930 erant
2131 2884 2321 2947 quam
2371 2864 2592 2929 Babrii
2640 2864 2807 2930 sicus
2855 2865 2956 2931 vel
3007 2865 3318 2931 eiusmodi
3366 2868 3633 2933 fructus.
3667 2903 3755 2913 —-

770 2973 874 3040 hic
933 2972 1396 3039 Ps·Dositheus
1465 2971 1670 3058 primo
1740 2973 1965 3038 obtutu
2036 2970 2229 3037 valde
2274 2992 2315 3035 a
2372 2969 2667 3036 Phaedro
2715 2991 2835 3037 nec
2883 2992 3008 3037 non
3066 2972 3337 3038 Romulo
3410 2973 3754 3039 abhorrere

770 3079 1045 3162 videtur,
1112 3080 1412 3164 quoniam
1475 3081 1536 3145 in
1585 3078 1685 3145 his
1732 3079 1888 3144 nihil
1936 3078 2019 3143 de
2069 3077 2198 3144 cibi
2245 3097 2482 3163 genere
2529 3077 2822 3144 affertur.
2915 3084 3130 3144 tamen
3197 3079 3755 3165 circumspectanti

770 3186 925 3253 mihi
971 3188 1251 3253 occurrit
1296 3187 1549 3272 pictura
1595 3187 1662 3252 in
1696 3186 2030 3269 Vossian0,
2077 3184 2385 3251 Ademari
2444 3183 2691 3267 codice,
2739 3192 3018 3268 servata,
3066 3185 3176 3251 ubi
3223 3192 3479 3271 praeter
3527 3207 3755 3273 cupam

771 3293 1031 3361 incertis
1076 3295 1283 3380 pomis
1329 3294 1636 3361 refertam
1683 3313 1921 3379 pernae
1967 3292 2033 3357 in
2081 3291 2306 3360 divitis
2354 3292 2519 3358 cella
2566 3299 2908 3358 cernuntur
2926 3294 2999 3374 ²).
3093 3293 3370 3359 fortasse
3435 3314 3590 3379 ergo
3651 3293 3757 3360 hic

773 3401 1047 3486 vestigia
1093 3400 1339 3485 antiqui
1388 3400 1586 3467 fontis
1634 3406 1970 3486 apparent,
2028 3401 2093 3464 in
2143 3420 2269 3482 quo
2315 3418 2525 3465 mures
2572 3400 2724 3465 item
2772 3407 2968 3482 atque
3015 3399 3077 3464 in
3126 3400 3551 3467 Ps-Dositheo
3601 3400 3755 3470 deli·

773 3507 1015 3573 catiore
1063 3509 1208 3574 cibo
1256 3527 1449 3591 quam
1495 3506 1669 3593 apud
1716 3507 2020 3572 Babrium
2068 3507 2351 3573 fruentes
2397 3505 2646 3571 inducti
2696 3513 2897 3572 erant.

987 3613 1233 3681 Ceteris
1280 3620 1491 3680 autem
1539 3613 1699 3680 locis
1743 3613 2154 3680 Ps-Dosithei
2203 3612 2517 3698 apologus
2563 3614 2852 3698 proxime
2898 3613 2983 3679 ad
3016 3613 3379 3679 Phaedrum
3428 3620 3493 3680 et
3522 3615 3757 3680 Romu-

772 3721 902 3786 lum
949 3721 1226 3788 accedit.
1305 3742 1431 3787 non
1476 3742 1573 3800 τις
1621 3726 1691 3786 ut
1744 3721 1810 3786 in
1866 3721 2122 3796 Babrio,
2171 3718 2548 3803 Bodleiano,
2606 3719 2996 3806 Aphthonio,
3043 3719 3158 3786 sed
3212 3727 3285 3786 ut
3343 3722 3408 3786 in
3458 3721 3756 3788 Phaedro

777 3834 841 3894 et
879 3827 1151 3894 Romulo
1200 3834 1378 3894 certa
1427 3847 1700 3913 persona
1747 3826 2136 3908 (cellararia)
2186 3825 2359 3912 apud
2407 3828 2782 3911 magistrum
2828 3846 3039 3894 mures
3084 3828 3150 3892 in
3199 3847 3360 3894 cena
3406 3830 3757 3913 perturbat.

776 3934 1047 4001 intratur
1093 3934 1370 4018 denique
1426 3935 1489 3999 in
1538 3934 1764 4000 cellam
1812 3934 1986 4020 apud
2034 3933 2547 4017 Ps-Dositheum,
2598 3934 2959 4001 Phaedrum
3006 3935 3470 4020 Romulumque
3539 3937 3757 4021 semel,

775 4042 840 4106 in
885 4041 1122 4108 Babrio
1170 4046 1381 4107 autem
1443 4041 1705 4124 eiusque
1773 4040 2202 4106 imitatoribus
2267 4042 2495 4106 iterum
2545 4062 2624 4107 ac
2670 4043 2927 4127 saepius
2994 4051 3060 4108 et
3124 4041 3192 4108 id
3240 4064 3281 4108 a
3328 4044 3759 4128 compluribus

775 4149 1109 4234 personis..
1179 4153 1621 4231 argumentum
1670 4167 1824 4233 ergo
1874 4145 2283 4213 Ps-Dosithei
2333 4146 2531 4213 multo
2580 4148 2781 4216 artius
2828 4168 2970 4214 cum
3020 4148 3319 4216 Phaedro
3376 4156 3442 4216 et
3488 4150 3758 4216 Romulo

777 4255 1124 4321 cohaerere
1172 4274 1362 4338 quam
1411 4274 1553 4321 cum
1602 4254 1838 4321 Babrio
1885 4253 2081 4320 facile
2130 4252 2468 4320 concedas.

988 4363 1133 4428 Huc
1198 4362 1472 4445 accedit,
1552 4360 1723 4446 quod
1794 4362 1987 4429 etiam
2064 4362 2403 4428 verborum
2472 4361 2921 4429 similitudines
2989 4364 3053 4428 in
3115 4363 3543 4431 Ps·Dositheo
3616 4384 3759 4431 cum

776 4468 1073 4536 Phaedro
1121 4475 1185 4534 et
1229 4469 1503 4536 Romulo
1551 4470 1985 4536 inveniuntur:
2078 4470 2356 4536 Ps·Dos:
2424 4471 2507 4535 σὺ
2557 4471 2693 4555 μέν,
2763 4470 2913 4553 ἔφη,
2979 4470 3215 4550 ταύτης
3285 4470 3575 4536 ἀπόλαυε
3644 4477 3759 4552 τῆς

776 4579 1026 4656 τροφῆς
1074 4575 1228 4655 μετὰ
1274 4576 1612 4642 τοσούτων
1668 4575 2056 4656 ἐδεσμάτων,
2128 4578 2254 4653 ἐγὼ
2302 4578 2375 4641 δὲ
2420 4578 2622 4658 χαίρω
2669 4583 2744 4662 τῇ
2793 4574 2925 4657 μετ’
2974 4576 3196 4657 ἀδείας
3244 4579 3346 4644 καὶ
3393 4579 3759 4658 ἐλευθερίας

992 4861 1046 4920 1)
1087 4861 1276 4930 Quae,
1339 4865 1634 4931 quantum
1698 4859 1962 4929 valeant,
2025 4875 2104 4914 ex
2168 4858 2255 4926 iia,
2318 4873 2478 4928 quae
2524 4860 2684 4914 infra
2724 4859 2800 4915 de
2858 4860 2974 4915 hac
3026 4875 3097 4915 re
3153 4859 3484 4931 disputavi,
3552 4861 3755 4931 perlu-

781 4964 813 5003 c
883 4951 896 4965 ’
1040 4951 1053 4965 ⁶
1088 4994 1100 5006 .

814 4950 975 5006 mma
991 4953 1269 5111 2f)¹tApud
1306 5039 1644 5095 Thieleium
1687 5039 1790 5094 tab
1829 5037 1909 5093 IV
1948 5043 2008 5094 et
2057 5054 2184 5110 pag
2219 5037 2318 5093 45:
2392 5037 2489 5093 An
2544 5038 2655 5093 der
2709 5039 2869 5094 Ecke
2930 5038 3036 5094 des
3092 5039 3395 5094 G'cwblbes
3449 5039 3640 5108 hdnqt
3692 5035 3761 5091 in

778 5129 817 5183 2
849 5126 1200 5185 Strickbsen
1241 5126 1372 5183 eine
1409 5126 1659 5198 Stanqe,
1711 5126 1812 5182 die
1848 5126 1979 5182 sich
2015 5130 2196 5181 unter
2234 5128 2346 5182 der
2381 5128 2537 5181 Last
2571 5143 2691 5181 von
2726 5131 2766 5182 3
2802 5126 3045 5183 Hinter·
3083 5128 3216 5182 und
3272 5125 3466 5181 ciuem
3513 5127 3760 5182 Vorder·

778 5216 1068 5272 schinken
1105 5216 1279 5286 bieqt.
