4234 6017
363 2315 526 2370 Babr
578 2316 680 2369 108

2012 469 2362 531 ..33-

1942 654 2414 739 Epimetrnm.

1623 798 1736 865 De
1782 799 2050 865 Babrii
2096 801 2440 865 naturae
2488 798 2773 865 studio.

906 916 1225 983 Cohaeret
1273 916 1435 983 haec
1482 917 1563 982 de
1613 916 2035 983 Ps-Dositheo
2087 918 2385 1000 quaestio
2435 937 2576 983 eum
2625 917 2892 982 fontium
2944 918 3405 985 Babrianorum
3455 919 3688 1001 disqui-

697 1023 946 1106 sitione,
996 1043 1185 1105 quam
1235 1044 1374 1089 cum
1423 1026 1487 1089 in
1538 1024 1658 1089 hoc
1705 1025 2063 1108 inaugurali
2113 1024 2423 1109 opusculo
2471 1030 2671 1089 totam
2720 1025 3028 1090 noluerim
3075 1026 3420 1110 suscipere,
3470 1033 3683 1090 tamen

697 1150 907 1215 pauca
953 1130 1044 1196 de
1090 1138 1419 1197 naturae
1466 1132 1727 1198 studio
1776 1155 1815 1198 a
1863 1132 2157 1198 Babrio
2205 1132 2282 1196 in
2330 1132 2653 1199 fabellis
2702 1131 3273 1218 componendis
3320 1131 3683 1198 adhibito

699 1236 956 1304 addam.
1051 1238 1351 1304 Babrium
1400 1240 1630 1323 ipsum,
1701 1239 1757 1304 si
1806 1259 1948 1305 cum
1995 1239 2359 1304 fabularum
2408 1238 2829 1322 argumentis),
2904 1259 3067 1321 quae
3116 1260 3196 1304 ex
3243 1239 3546 1321 fontibuS,
3617 1239 3684 1304 id

699 1351 798 1410 est
844 1364 925 1410 ex
973 1343 1224 1429 vulgari
1252 1347 1513 1431 'Aesopo
1547 1346 1829 1431 pedestri
1862 1349 1931 1428 1),
1981 1353 2239 1430 praesto
2272 1346 2549 1423 fuerunt,
2600 1346 2916 1428 conferas,
2965 1347 3190 1410 mirum
3225 1352 3340 1428 est,
3381 1352 3684 1428 quantum

700 1452 894 1531 poeta
939 1446 1052 1511 illa
1097 1467 1305 1512 rerum
1352 1448 1737 1513 naturalium
1794 1448 2153 1512 imitatione
2201 1453 2478 1532 superet.
2571 1469 2720 1513 nam
2769 1449 3154 1530 ubicumque
3223 1447 3488 1513 traditio
3556 1448 3684 1513 vul-

699 1554 874 1637 garis
943 1558 1056 1618 aut
1124 1553 1188 1617 in
1259 1560 1551 1619 naturam
1623 1574 1828 1620 rerum
1896 1555 2102 1639 ipsam
2175 1560 2286 1619 aut
2354 1555 2418 1619 in
2492 1555 2771 1620 ferarum
2824 1553 3318 1621 eonsuetudines
3366 1556 3683 1640 peccavit,

700 1659 1237 1747 deprehendimus
1286 1682 1428 1727 eum
1477 1662 1656 1744 vitia,
1707 1682 1872 1743 quae
1904 1662 2111 1726 inesse
2156 1660 2541 1743 viderentur,
2592 1662 3017 1746 corrigentem
3053 1669 3117 1727 et
3147 1662 3212 1727 id
3247 1668 3566 1746 agentem,
3615 1668 3687 1726 ut

698 1769 830 1833 suis
862 1768 1321 1833 mutationibus
1366 1768 1796 1852 simplicitatis
1844 1766 2163 1850 quendam
2211 1768 2487 1833 colorem
2538 1768 2757 1833 humili
2807 1769 3219 1834 bestiolarum
3252 1768 3478 1852 generi
3514 1767 3683 1833 haud

698 1873 965 1959 illepide
1025 1875 1509 1941 convenientem
1569 1875 1828 1940 inferat.
1922 1874 2109 1940 huius
2169 1876 2582 1960 proprietatis
2643 1876 2938 1960 exempla
2988 1876 3289 1959 colligere
3356 1896 3431 1941 eo
3478 1876 3688 1959 magis

699 1983 1126 2047 necessarium
1174 1988 1351 2066 puto,
1411 1983 1560 2065 quia
1608 1981 1959 2047 timendum
2007 1988 2124 2064 est,
2193 2002 2272 2046 ne
2320 1984 2479 2065 quis,
2553 1990 2622 2046 ut
2667 1983 2832 2047 fecit
2880 1982 3536 2064 Christofferssonius,
3604 1983 3685 2046 ab

700 2089 1252 2154 observationibus
1267 2091 1316 2169 ²)
1390 2089 1736 2154 levioribus
1806 2088 2137 2171 profectus
2186 2088 2487 2152 Babrium
2558 2090 2762 2173 magis
2808 2089 2872 2153 in
2942 2089 3370 2174 sophistarum
3437 2088 3684 2153 versifi-

703 2195 985 2262 cantium
1020 2216 1279 2262 numero
1328 2215 1517 2278 quam
1567 2196 1631 2258 in
1678 2195 1847 2260 veris
1895 2195 2102 2279 poetis
2149 2194 2405 2260 habeat.

912 2303 1341 2369 Gravissimus
1388 2308 1485 2368 est
1533 2300 1751 2367 Babrii
1800 2301 2110 2385 apologus
2161 2300 2289 2366 108
2306 2303 2379 2384 ³),
2452 2302 2559 2384 qui
2608 2301 2799 2386 vulgo
2849 2309 3115 2368 vocatur
3174 2302 3266 2367 de
3339 2302 3687 2366 muribus

706 2410 1001 2475 rustico
1049 2417 1125 2475 et
1174 2410 1484 2474 urbano.
1547 2415 1801 2493 praeter
1835 2407 2221 2473 Babrianam
2255 2410 2687 2474 recensionem
2721 2408 2803 2473 ad
2839 2429 2954 2473 nos
2985 2415 3440 2493 pervenerunt:

917 2516 1048 2570 Hor
1085 2514 1190 2570 Sat
1229 2515 1286 2569 11
1322 2519 1373 2584 6,
1400 2516 1470 2569 79
1490 2530 1626 2584 sqq3
1668 2514 1907 2569 Phaedr
1934 2513 2213 2568 =Adem
2254 2515 2321 2568 13
2339 2512 2412 2581 4);
2449 2514 2596 2568 Rom
2637 2514 2778 2583 112;
2817 2514 3044 2569 Ps·Dos
3074 2515 3284 2583 18(t7);
3323 2514 3526 2584 Apbth
3545 2515 3684 2569 26:

706 2606 830 2660 Kor
866 2603 1096 2669 30125).

916 2695 1149 2775 Qualia
1178 2694 1446 2759 Babrius
1479 2714 1561 2759 ex
1593 2694 1871 2777 ingenio,
1922 2693 2140 2776 qualia
2172 2712 2208 2757 e
2239 2692 2418 2758 fonte
2445 2713 2558 2758 suo
2586 2692 3051 2779 deprompserit
3083 2692 3189 2757 hic
3223 2692 3479 2776 quidem
3515 2699 3689 2758 certe

709 2810 774 2868 et
822 2802 1127 2869 distincte
1175 2801 1514 2866 diiudicari
1562 2806 1795 2885 potest.
1888 2819 2007 2864 nec
2056 2800 2225 2864 enim
2274 2798 2503 2864 desunt
2572 2806 2971 2883 argumenta,
3044 2821 3079 2865 e
3128 2799 3357 2882 quibus
3428 2807 3683 2884 poetam

711 2910 780 2974 in
827 2909 1101 2974 eundem
1134 2908 1505 2990 similemve,
1553 2909 1618 2971 in
1652 2927 1841 2989 quem
1873 2914 2142 2988 ceteroS,
2190 2907 2511 2991 Aesopum
2559 2907 2954 2990 vulgarem⁶)
3005 2906 3213 2971 redire
3246 2912 3578 2991 appareat,
3626 2913 3690 2971 et

710 3018 847 3083 eius
917 3016 1229 3101 apologus
1277 3016 1595 3100 plerisque
1643 3014 1780 3079 fere
1829 3013 2009 3096 locis,
2079 3013 2309 3095 quibus
2366 3013 2690 3096 Horatius,
2763 3013 3114 3096 Phaedrus,
3181 3013 3509 3095 RomuluS,
3577 3013 3688 3078 Ps-

711 3122 1058 3200 Dositheus
1106 3129 1283 3187 certa
1338 3122 1654 3205 genuinae
1700 3120 2087 3186 recensionis
2158 3120 2434 3203 vestigia
2503 3126 2939 3204 servaverunt,
3010 3126 3342 3205 tantopere
3409 3121 3490 3185 ab
3560 3119 3689 3186 illis

710 3229 1034 3312 abhorret,
1083 3236 1153 3293 ut
1201 3249 1324 3293 non
1372 3229 1494 3293 nisi
1541 3229 1661 3313 ipsi
1711 3228 1974 3293 attribui
2025 3228 2244 3311 possit.

917 3338 1018 3401 De
1064 3335 1188 3400 hoc
1234 3356 1422 3417 nunc,
1473 3335 1678 3417 qualis
1724 3334 1936 3415 fuerit,
1986 3334 2280 3418 Aesopeo
2329 3332 2508 3399 fonte
2555 3335 2826 3418 vulgari,
2876 3337 3245 3420 priusquam
3293 3337 3358 3400 in
3387 3335 3687 3400 Babrium

707 3446 913 3530 ipsum
961 3443 1373 3526 inquiramus,
1444 3462 1653 3525 pauca
1709 3439 2067 3526 praefanda
2112 3446 2279 3505 sunt.
2373 3440 2496 3505 fuit
2545 3461 2688 3506 mea
2758 3441 3013 3524 quidem
3074 3443 3393 3508 sententia
3463 3441 3675 3526 primi·

706 3553 933 3635 genius
980 3551 1087 3616 ille
1134 3550 1216 3615 de
1263 3569 1439 3614 mure
1485 3550 1723 3615 rustico
1772 3553 1835 3613 et
1882 3550 2126 3614 urbano
2175 3550 2487 3633 apologus
2555 3554 2774 3632 (atque
2821 3557 3074 3634 praeter
3122 3549 3423 3615 Babrium
3494 3549 3687 3613 etiam

706 3681 874 3725 nunc
922 3663 1045 3742 est)
1096 3660 1252 3725 nihil
1302 3660 1423 3726 nisi
1472 3659 1639 3725 illius
1687 3658 1811 3724 loci
1862 3660 2210 3723 communis
2270 3658 2351 3722 de
2410 3660 2584 3723 vitae
2633 3656 2910 3721 rusticae
2958 3656 3310 3722 commodis
3375 3676 3495 3721 nec
3565 3677 3689 3721 non

707 3768 989 3833 urbanae
1040 3767 1460 3833 incommodis
1508 3766 1857 3850 disputatio
1906 3767 1970 3830 in
2018 3766 2301 3849 Aesopei
2353 3766 2481 3849 logi
2530 3765 2801 3829 formam
2851 3762 3136 3828 redacta.
3232 3762 3299 3828 id
3346 3772 3689 3848 propterea

705 3874 859 3939 mihi
906 3875 1216 3958 persuasi,
1287 3874 1438 3955 quia
1485 3872 1860 3937 differentia
1921 3872 2032 3937 illa
2077 3872 2245 3936 inter
2293 3872 2569 3937 urbanos
2617 3878 2681 3936 et
2728 3870 2998 3935 rusticos
3046 3870 3183 3934 iure
3228 3891 3353 3934 non
3427 3879 3556 3935 tam
3624 3871 3688 3934 in

705 3982 996 4065 murium,
1046 4002 1237 4064 quam
1287 3981 1349 4043 in
1400 3980 1675 4044 humano
1723 3998 1959 4062 genere
2006 3980 2202 4044 statui
2249 3984 2485 4063 potest.
2580 3998 2698 4044 nee
2747 3979 2913 4042 enim
2961 3997 3186 4042 revera
3237 3977 3432 4042 muris
3465 3976 3691 4041 urbani

927 4195 977 4262 1)
1018 4193 1089 4248 In
1127 4192 1368 4262 Aesopo
1409 4193 1689 4263 pedestri,
1748 4194 1986 4262 qualem
2025 4208 2136 4247 nos
2177 4197 2471 4257 tenemus,
2524 4191 2825 4260 permulta
2863 4191 3040 4259 illius,
3095 4191 3159 4245 in
3217 4207 3398 4260 quam
3435 4191 3693 4245 Babrius

704 4285 787 4350 (cf
824 4299 1070 4354 prooem
1099 4283 1221 4351 115)
1258 4282 1500 4351 rediret,
1559 4284 1833 4352 syllegae
1891 4283 2154 4351 vestigia
2201 4282 2401 4334 inesse
2441 4281 2698 4334 coniecit
2735 4278 2980 4336 Crusius
3020 4280 3546 4349 (Pauly-Wissowa
3584 4295 3612 4334 s
3652 4295 3692 4333 v

703 4373 963 4428 Babrius
1002 4389 1127 4443 pag
1151 4372 1332 4440 2663),
1372 4372 1813 4426 demonstravit
1838 4370 2435 4426 Christofferssonius
2454 4369 2515 4422 in
2537 4368 2753 4423 studiis
2773 4369 2897 4423 suis
2927 4370 3001 4423 de
3038 4371 3309 4424 fontibus
3345 4369 3691 4423 fabularum

703 4464 1166 4531 Babrianarum‚
1204 4463 1536 4516 affirmavit
1556 4462 1820 4530 denique
1841 4461 2246 4514 Hausrathius
2266 4461 2329 4513 in
2348 4459 2818 4527 locupletissima
2835 4459 3246 4529 disputatione
3268 4459 3450 4513 totius
3464 4457 3690 4528 Aesopi

703 4554 950 4623 generis
987 4553 1293 4607 historiam
1334 4552 1680 4606 continente
1732 4553 1832 4619 (ap
1871 4548 2249 4618 Pauly-Wiss
2289 4563 2317 4602 s
2357 4565 2396 4602 v
2433 4547 2633 4614 Fabel,
2705 4548 2877 4602 euius
2918 4549 3343 4618 disputationis
3383 4547 3693 4617 exemplar

703 4644 1003 4713 inspicere
1039 4642 1184 4695 mihi
1222 4640 1432 4709 licuit).

913 4731 970 4797 2)
1010 4729 1295 4786 Conferas
1336 4744 1566 4799 quaeso
1605 4728 1934 4798 praecipue
1984 4729 2112 4782 eius
2153 4731 2364 4797 eaput:
2426 4726 2776 4805 „Quomodo
2819 4732 3148 4797 praecepta
3203 4727 3305 4780 illa
3361 4728 3690 4794 rhetorum,

704 4836 862 4890 quae
884 4820 960 4875 de
980 4820 1203 4875 fabulis
1225 4818 1625 4875 extendendis
1646 4822 1706 4872 et
1727 4817 2155 4872 contrahendis
2177 4819 2364 4885 erant,
2387 4831 2425 4870 a
2445 4817 2667 4871 Babrio
2693 4817 3018 4871 observata
3039 4813 3188 4871 sint“
3213 4815 3404 4886 (pagg
3418 4815 3521 4869 112
3540 4815 3690 4884 sqq).

916 4910 972 4977 3)
1012 4909 1433 4965 Variationum
1473 4912 1866 4977 conspectum
1907 4922 2033 4977 pag
2069 4907 2156 4961 46.

918 4995 976 5064 4)
1015 4995 1324 5049 Thieleius
1364 5009 1490 5064 pag
1530 4994 1598 5047 13
1637 4998 1696 5047 et
1733 5007 1860 5062 pag
1897 4992 1985 5046 45.

917 5085 971 5150 5)
1010 5082 1145 5139 Non
1183 5085 1246 5138 in
1286 5084 1702 5152 quaestionem
1743 5081 2023 5135 vocanda
2062 5084 2203 5134 sunt
2239 5079 2368 5134 Kor
2394 5079 2544 5134 3011>
2585 5085 2644 5134 et
2683 5079 2848 5148 Myth
2886 5079 2952 5132 10
2988 5079 3137 5149 (pag
3166 5079 3270 5133 217
3311 5078 3426 5146 Cr),
3468 5077 3690 5146 quibus

699 5181 768 5229 ut
806 5180 970 5229 certe
1011 5189 1044 5228 e
1082 5173 1305 5227 Babrio
1348 5172 1593 5239 haustis,
1633 5185 1815 5241 quam
1853 5170 2182 5239 singularis
2222 5174 2439 5238 poetae
2479 5169 2736 5222 variatio
2777 5168 2867 5235 sit,
2908 5168 3321 5222 confirmatur.

924 5263 980 5331 6)
1019 5261 1097 5317 Cf
1129 5261 1746 5318 Christofferssonium
1788 5274 1913 5329 pag
1950 5259 2036 5312 57.
