4234 6017
1990 413 2343 469 „52-

1693 591 1866 648 Rom
1903 590 2087 647 Burn
2126 590 2218 648 IV
2232 590 2310 648 12
2334 616 2398 640 =
2418 589 2668 650 Pus-Dos

681 724 802 776 Leo
843 719 971 775 iam
1012 717 1309 789 deficiens
1347 721 1456 786 (leo
1495 718 1563 773 in
1601 717 1787 774 annis
1837 718 2134 789 deficiens
2171 719 2290 784 Ad)
2327 720 2641 791 lanqorem
2692 718 2972 790 finqebat
3014 722 3067 774 et
3100 737 3218 790 per
3270 722 3379 775 hoc
3434 724 3659 775 ceterae

678 809 903 866 bestiae
942 810 1025 864 ad
1062 807 1445 863 visitandum
1485 824 1619 862 eum
1657 806 2016 864 introibant.
2090 810 2180 863 leo
2217 811 2421 863 autem
2457 806 2744 863 continuo
2795 810 3002 865 edebat
3058 825 3174 864 eas.
3251 808 3456 877 vulpis
3520 826 3658 863 vero

677 897 922 953 veniens
959 901 1099 953 ante
1136 898 1491 969 speluncam
1528 894 1694 951 stetit
1730 899 1787 951 et
1830 895 2124 952 salutavit
2162 913 2313 952 eum.
2370 896 2751 968 interrogata
2796 901 2999 953 autem
3024 915 3063 952 a
3089 900 3271 966 leone,
3310 914 3500 968 quare
3536 915 3657 953 non

680 984 952 1054 intrasti,
1007 983 1351 1056 respondit:
1432 985 1725 1057 quoniam
1765 984 1934 1042 video
1993 985 2436 1042 introeuntium
2489 985 2763 1058 vestiqia‚
2837 986 3189 1043 eaeeuntium
3262 990 3464 1042 autem
3537 1004 3657 1042 non

678 1076 870 1132 video.
927 1075 1019 1132 sic
1054 1076 1452 1147 quorundam
1507 1073 1847 1144 periculum
1884 1073 2167 1131 doctrina
2204 1074 2381 1131 nobis
2438 1077 2605 1131 debet
2659 1091 2784 1131 esse
2838 1078 3084 1131 nostrae
3122 1076 3362 1146 salutis,
3402 1075 3553 1148 quia
3589 1076 3659 1131 in

678 1168 930 1222 domum
961 1162 1232 1235 potentis
1266 1162 1453 1235 facile
1492 1162 1822 1235 quisquam
1859 1163 2072 1233 intrat,
2109 1162 2277 1219 exire
2314 1181 2452 1219 vero
2490 1166 2664 1220 tarde
2701 1166 2803 1220 est.

1997 1339 2182 1398 Babr
2221 1340 2349 1402 103

680 1471 838 1525 Λέων
874 1469 962 1525 ἐπ’
1001 1471 1181 1539 ἄγρην
1219 1468 1406 1523 οὐκέτι
1444 1468 1661 1523 σθένων
1700 1468 1907 1535 βαίνειν
2225 1474 2492 1525 σταθεῖσα
2533 1471 2808 1538 ,,βασιλεῦ,
2844 1472 2969 1533 πῶς
3006 1470 3147 1534 ἔχεις
3167 1468 3211 1534 ;“
3253 1471 3540 1546 ἐπηρώτα.

680 1562 895 1627 (πολλῷ
933 1558 1042 1625 γάρ
1079 1558 1191 1626 ἤδη
1229 1563 1311 1626 τῷ
1350 1558 1534 1627 χρόνῳ
1572 1559 1888 1626 γεγηράκει)
2226 1560 2478 1622 κάκεῖνος
2517 1558 2637 1611 εἶπε
2680 1563 2882 1624 ,,χαῖρε,
2921 1558 3161 1625 φιλτάτη
3201 1560 3385 1626 ζώων.

680 1647 872 1716 κοίλης
911 1651 1024 1703 ἔσω
1064 1647 1387 1713 σπήλυγγος
1425 1647 1519 1701 οἷά
1556 1664 1640 1712 τις
1677 1649 1867 1717 νούσῳ
2225 1648 2278 1702 τί
2316 1647 2364 1701 δ’
2404 1648 2471 1702 οὐ
2510 1647 2814 1715 προσέρχῃ,
2854 1646 3133 1715 μακρόθεν
3172 1647 3232 1701 δέ
3261 1664 3326 1713 με
3364 1648 3603 1716 σκέπτῃ;

680 1739 906 1802 κάμνων
945 1737 1192 1803 έβέβλητ’
1232 1737 1335 1790 οὐκ
1374 1737 1576 1802 ἀληθὲς
1614 1736 1954 1803 ἀσθμαίνων,
2225 1739 2409 1804 δεῦρο,
2447 1740 2691 1803 γλυκεῖα,
2731 1735 2823 1790 καί
2861 1752 2925 1801 με
2962 1736 3232 1801 ποικίλοις
3270 1737 3462 1802 μύθοις

679 1829 884 1895 φωνὴν
926 1829 1155 1894 βαρεῖαν
1191 1826 1553 1893 προσποιητά
1590 1827 1899 1879 λεπτύνων.
2225 1827 2628 1892 παρηγόρησον
2666 1825 2830 1891 ἔγγὺς
2867 1827 3006 1878 ὄντα
3043 1827 3145 1890 τῆς
3184 1824 3429 1893 μοίρης.“

681 1920 876 1982 θηρῶν
916 1913 964 1969 δ’
1005 1913 1092 1969 ἐπ’
1132 1914 1307 1980 αὐλάς
1344 1916 1515 1979 ἦλθεν
1551 1916 1789 1980 ἄγγελος
1825 1914 2004 1983 φήμη,
2229 1912 2501 1983 ,,σῴζοιο“
2542 1914 2743 1982 φησίν·
2788 1915 2891 1983 ,,ἢν
2929 1913 2978 1967 δ’
3016 1914 3220 1981 ἄπειμι,
3259 1914 3585 1983 συγγνώσῃ·

679 2008 768 2059 καὶ
805 2005 1012 2068 πάντες
1046 2005 1259 2070 ἤλγουν
1295 2005 1374 2067 ώς
1414 2005 1643 2068 λέοντος
1680 2004 1996 2071 ἀρρώστου,
2223 2007 2453 2057 πολλῶν
2488 2005 2596 2071 γὰρ
2632 2004 2759 2069 ἴχνη
2800 2002 3012 2069 θηρίων
3052 2018 3118 2068 με
3155 2004 3373 2068 κωλύει,

679 2094 1084 2161 ἐπισκοπήσων
1122 2092 1171 2147 δ’
1210 2093 1292 2158 εἷς
1330 2094 1565 2156 ἕκαστος
1602 2093 1793 2160 εἰσῄει.
2223 2092 2307 2146 ὧν
2344 2092 2607 2147 ἐξιόντων
2646 2093 2749 2145 οὐκ
2787 2093 2929 2158 ἔχεις
2966 2092 2997 2144 ὅ
3038 2108 3128 2157 μοι
3167 2090 3404 2157 δείξεις·“

676 2184 918 2246 τούτους
956 2183 1157 2250 ἐφεξῆς
1194 2182 1493 2248 λαμβάνων
1528 2181 1865 2247 ἀμοχθὴτως
2227 2179 2515 2249 [μακάριος
2549 2182 2703 2245 ὅστις
2740 2183 2808 2235 οὐ
2847 2182 3225 2249 προλαμβάνει
3261 2180 3515 2247 πταίσας,

683 2272 998 2339 κατήσθιεν,
1035 2275 1213 2337 γῆρας
1252 2272 1312 2324 δὲ
1350 2272 1588 2338 λιπαρὸν
1625 2271 1872 2337 ηὑρήκει.
2225 2269 2344 2324 ἀλλ’
2383 2271 2554 2334 αὐτὸς
2592 2272 2777 2324 ἄλλων
2815 2277 3131 2339 συμφοραῖς
3168 2271 3492 2337 ἐπαιδεύθη.

682 2363 834 2429 σοφὴ
880 2360 930 2415 δ’
967 2361 1200 2428 ἀλώπηξ
1237 2360 1534 2428 ὑπενόησε,
1574 2361 1663 2413 καὶ
1701 2359 1896 2426 πόρρω
2214 2357 2422 2423 Ὀὕτως
2458 2363 2629 2413 τινῶν
2666 2359 2720 2413 οἱ
2757 2359 3004 2415 κίνδυνοι
3041 2361 3239 2425 διδαχὴ
3268 2361 3409 2413 εἶναι
3447 2358 3660 2427 ὀφείλει

2227 2451 2331 2514 τῆς
2367 2450 2532 2514 ἡμῶν
2569 2448 2887 2516 σωτηρίαςί·

1075 2697 1186 2801 De
1233 2733 1524 2800 homine
1573 2734 1858 2800 infirmo
1906 2734 1983 2800 et
2025 2732 2303 2800 medico
2352 2732 2643 2802 indocto
2693 2736 2789 2817 (cf
2833 2755 3009 2820 pagg
3053 2734 3136 2800 27
3165 2736 3265 2817 sq)

1916 2870 2168 2929 Ps·Dos
2205 2872 2342 2945 (12)
2379 2871 2421 2930 '7

682 3018 974 3087 Infirmus
1031 3013 1287 3086 quidam
1343 3016 1420 3070 ab
1457 3013 1704 3070 indocto
1747 3012 1980 3070 medico
2019 3014 2116 3069 de·
2227 3015 2494 3084 Ἀσθενής
2531 3032 2616 3081 τις
2653 3016 2764 3071 ὑπὸ
2802 3017 3054 3082 ἀμαθοῦς
3091 3016 3285 3083 ἰατροῦ
3313 3015 3662 3079 ἀνελπισθείς

680 3107 970 3175 speratus
1007 3102 1330 3160 convaluit.
1423 3102 1841 3173 interroyante
1913 3104 2116 3158 autem
2226 3102 2432 3168 ἐσώθη.
2470 3103 2900 3167 πυνθανομένου
2939 3102 3001 3155 δέ
3021 3105 3124 3155 τοῦ
3163 3101 3377 3169 ἰατροῦ,
3415 3099 3465 3154 εἰ
3490 3105 3661 3168 αὐτὸς

679 3192 929 3261 medico,
973 3191 1063 3261 <si
1089 3190 1252 3263 ipse>
1282 3195 1446 3260 esset,
1474 3208 1651 3263 quem
1673 3193 2114 3262 desperaverat,
2156 3204 2162 3210 ·
2201 3191 2402 3260 (dn),
2466 3191 2533 3244 ὃν
2595 3189 2884 3255 ἀνηλπίσε,
2939 3188 3209 3257 ἀπεκρίθη
3246 3195 3352 3244 τοῦ
3392 3190 3662 3258 Χάρωνος

680 3281 1000 3352 respondit
1060 3280 1190 3337 orci
1237 3280 1446 3352 qratia
1500 3279 1824 3337 remissum
1873 3297 1935 3337 se
1993 3296 2116 3337 esse
2229 3284 2392 3335 ἕνεκα
2489 3279 2924 3347 ἀναπεπέμφθαι
3025 3279 3199 3332 αὐτὸν
3299 3279 3355 3334 έξ
3450 3282 3660 3349 Ἅιδου,

682 3374 760 3427 ab
787 3369 1031 3441 inferis,
1073 3369 1518 3439 <exstrinsecus
1537 3372 1740 3424 autem
1765 3370 1986 3425 Orcum
2011 3372 2130 3425 sta·
2188 3385 2214 3425 5
2239 3370 2517 3437 παρεκτὸς
2587 3369 2648 3423 δέ
2706 3369 2811 3422 τὸν
2870 3367 3112 3434 Χάρωνα
3172 3369 3434 3435 ὡρικέναι
3505 3372 3663 3435 ἐντός

684 3459 872 3515 tuisse
927 3458 1096 3514 intra
1133 3474 1372 3532 paucos
1409 3457 1542 3514 dies
1599 3473 1804 3513 omnes
1857 3456 2121 3513 medicos
2228 3462 2461 3526 ἡμερῶν
2517 3456 2725 3523 ὀλίγων
2780 3457 2995 3521 πάντας
3048 3459 3182 3521 τοὺς
3238 3458 3462 3525 ἰατροὺς
3523 3462 3662 3526 πρὸς

685 3551 770 3605 ad
809 3565 873 3605 se
903 3531 1371 3627 perducturum,
1424 3550 1491 3601 ut
1529 3563 1628 3603 eos
1678 3545 1925 3617 puniat,
1980 3563 2120 3617 quo-
2232 3549 2407 3602 αύτὸν
2469 3548 2635 3613 ἄξειν,
2689 3547 2844 3611 ὅπως
2906 3547 3112 3610 αὐτούς
3174 3548 3404 3617 κολάσῃ,
3469 3549 3661 3615 ἐπειδὴ

685 3635 1247 3709 niamneqleqentia
1268 3653 1475 3692 eorum
1490 3634 2117 3692 multimoriebantur.
2227 3644 2298 3707 τῇ
2338 3635 2564 3706 ἀμελείᾳ
2603 3637 2793 3690 αὐτῶν
2829 3637 3029 3690 πολλοὶ
3066 3635 3442 3701 ἀπέθνησκον.
3524 3638 3663 3691 ἀλλὰ

686 3730 794 3783 sed
831 3731 899 3782 tu
936 3743 1060 3782 non
1099 3725 1352 3794 timeasg
1391 3742 1496 3796 eqo
1534 3723 1698 3780 enim
1737 3723 1876 3780 dioei
1912 3729 1966 3780 te
2003 3742 2118 3780 me·
2228 3729 2297 3781 σὺ
2363 3729 2436 3793 μὴ
2493 3728 2778 3793 φοβηθῇς·
2836 3726 2951 3790 ἐγώ
3007 3726 3114 3792 γὰρ
3171 3726 3320 3793 ἔφην
3381 3727 3537 3794 αὐτῷ
3599 3727 3663 3780 σέ

687 3816 899 3873 dicum
936 3830 1257 3885 nunquam
1293 3813 1527 3885 fuisse3
1566 3816 1707 3868 ante
1732 3830 1935 3868 omnes
1961 3812 2124 3868 enim
2162 3830 2213 3869 ιο
2234 3817 2428 3883 ἰατρὸν
2467 3815 2748 3882 μηδέποτε
2785 3815 3078 3879 γεγονέναι
3155 3816 3268 3881 πρὸ
3294 3815 3529 3868 πάντων
3554 3816 3662 3882 γὰρ

684 3910 737 3962 te
793 3906 1206 3960 adducturum
1259 3902 1630 3958 minabatur.
1705 3902 1850 3957 haee
1900 3903 2121 3973 fabula
2229 3907 2294 3959 σέ
2333 3905 2560 3959 ἀπάξειν
2616 3903 2845 3970 ἠπείλει.
2920 3904 3091 3969 οὗτος
3127 3905 3159 3958 ὁ
3200 3908 3374 3970 μῦθος
3431 3905 3664 3958 δύναται

678 3996 878 4065 potest
904 3997 987 4050 ad
1013 4009 1110 4048 eos
1130 3990 1458 4063 pertinere,
1485 3988 1612 4062 qui,
1639 3991 1806 4062 quod
1824 3989 2117 4060 nesciunt,
2228 3990 2369 4058 πρὸς
2404 3990 2645 4053 τούτους
2682 3987 2924 4057 ἀνήκειν,
2965 3989 3216 4057 <οἵτινες,
3256 3988 3320 4056 ὃ)
3364 3990 3472 4044 οὐκ
3512 3993 3663 4061 <foa-

679 4081 1066 4155 promittunt.
2231 4080 2373 4149 σιν>,
2413 4078 2867 4144 ἐπαγγέλλονται.

689 4192 719 4244 1
759 4187 1115 4253 ἀπελπισθείς
1154 4188 1310 4257 14112
1336 4190 1426 4242 καί
1454 4189 1810 4258 συναντήσας
1835 4191 1991 4259 αὐτῷ
2031 4188 2285 4258 ἰατρ<ὸς>
2328 4188 2419 4242 διὰ
2454 4187 2660 4254 χρόνου
2701 4186 2953 4240 έξέταζεν
2990 4187 3045 4239 et
3074 4183 3349 4241 obviatus
3386 4186 3442 4242 ei
3479 4188 3663 4244 medi·

687 4277 866 4350 c<us>
882 4281 1029 4348 post
1053 4280 1290 4348 tempus
1313 4275 1786 4349 interroyavitL
1813 4278 1836 4346 ΙΙ
1861 4279 2100 4348 3super
2128 4294 2188 4333 se
2214 4278 2261 4331 P
2284 4274 2342 4331 si
2378 4274 2580 4345 ipseL
2624 4274 2647 4341 ΙΙ
2690 4292 2782 4342 ηιν
2819 4274 2866 4328 Ρ
2905 4292 2988 4341 ειη
3029 4274 3079 4327 L
3104 4275 3127 4343 ΙΙ
3153 4276 3219 4330 ὃν
3257 4275 3663 4362 ἀπηλπίκειῌΙΙ

694 4370 729 4424 4
769 4370 936 4423 deest
974 4368 1160 4423 latina
1199 4368 1395 4421 versio
1435 4369 1874 4423 vocabulorum
1915 4365 2653 4435 ἀναπεπέμφθαι--Ἅιδου
2690 4365 2752 4417 in
2791 4363 2841 4418 L
2877 4362 2895 4434 ΙΙ
2931 4364 2965 4419 5
3003 4361 3374 4421 intrinsecus
3412 4366 3459 4420 P
3498 4384 3667 4437 prae-

686 4465 856 4514 terea
875 4458 925 4511 L
951 4458 975 4523 ΙΙ
1004 4457 1066 4510 11
1105 4457 1431 4511 ἀποσπάσαι
1468 4453 1700 4511 adduci
1727 4456 1774 4510 L
1800 4456 1824 4524 ΙΙ
1853 4457 1913 4509 11
1938 4472 2007 4525 sq
2027 4456 2197 4520 οὗτος
2221 4483 2290 4495 -
2316 4454 2544 4520 ἀνήκειν
2584 4453 2800 4508 desunt
2826 4454 2887 4506 in
2913 4469 3140 4523 graeca
3179 4456 3458 4510 versione
3496 4457 3662 4526 apud

684 4547 734 4602 L
760 4547 784 4616 ΙΙ
811 4547 879 4601 12
903 4559 1173 4613 οιτησουκ
1211 4547 1370 4613 οιδην
1406 4546 1454 4599 Ρ
1492 4546 1648 4609 ὅστις
1685 4546 1717 4599 ὃ
1756 4546 1861 4599 οὐκ
1897 4546 2054 4599 οἶδεν
2089 4543 2158 4598 L.

2013 4719 2198 4778 Babr
2235 4715 2325 4775 ‘75

685 4836 892 4902 Ἰατρὸς
932 4838 1004 4901 ἦν
1040 4837 1288 4902 ἄτεχνος.
1328 4836 1497 4899 οὗτος
1533 4835 1815 4904 ἀρρώστῳ
2233 4833 2322 4885 καὶ
2360 4835 2482 4895 πῶς
2519 4831 2742 4896 ἔχουσιν
2780 4830 2835 4884 οἱ
2873 4831 3026 4885 κάτω
3067 4833 3333 4899 διηρώτα.

686 4925 916 4978 πάντων
953 4925 1238 4989 λεγόντων
1281 4925 1386 4992 ,,μὴ
1428 4924 1650 4990 δέδιχθι,
1690 4924 1959 4993 σωθήσῃ·
2232 4921 2484 4984 κάκεῖνος
2521 4922 2679 4973 εἶπεν
2719 4920 3023 4988 ,,ήρεμοῦσι
3060 4925 3162 4988 τῆς
3200 4922 3388 4989 Λήθης

685 5015 865 5078 πάθος
904 5016 1004 5080 μέν
1042 5015 1161 5069 έστι
1199 5014 1441 5081 χρόνιον,
1481 5011 1598 5067 ἀλλ’
1638 5014 1739 5081 ἔσῃ
1780 5012 1982 5082 ῥᾴων.“
2230 5009 2503 5074 πίνοντες.
2544 5010 2579 5075 ἡ
2623 5009 2769 5076 Κόρη
2812 5011 2872 5063 δὲ
2912 5011 2994 5075 χώ
3033 5011 3204 5077 μέγας
3240 5012 3523 5065 Πλούτων
3576 5049 3582 5055 .

688 5105 882 5168 ἕτοιμα
921 5105 1002 5157 δεῖ
1040 5118 1103 5157 σε
1139 5102 1305 5157 πάντ’
1345 5105 1520 5168 ἔχειν·
1560 5102 1951 5170 ἀποθνῄσκεις,
2229 5099 2428 5167 πρῴην
2467 5098 2679 5164 ἰατροῖς
2716 5099 2871 5152 δεινὰ
2909 5104 3078 5154 πᾶσιν
3117 5100 3402 5166 ἠπείλουν,

686 5193 754 5246 ού
795 5196 1099 5246 συναπατῶ
1138 5189 1233 5246 σε“
1276 5191 1450 5260 φησίν
1492 5190 1645 5259 ,οὐδ’
1685 5192 1987 5258 ἐνεδρεύω·
2227 5190 2312 5242 ὅτι
2351 5190 2484 5252 τοὺς
2521 5192 2831 5252 νοσοῦντας
2865 5189 2970 5242 οὐκ
3008 5190 3136 5242 ἐώσ’
3177 5191 3572 5259 ἀποθνῄσκειν.
